@conference{securitybugs2003,
  author = {E. Rescorla},
  title = {{Security Holes...Who Cares?}},
  year = 2003,
  month = {August},
  booktitle = {Proceedings of the $12^{th}$ USENIX Security
  Symposium},
  pages = {75--90}
}

@INPROCEEDINGS{stackguard-98,
  author = {C. Cowan C. Pu D. Maier J. Walpole P. Bakke S. Beattie A. Grier
	P. Wagle Q. Zhang and H. Hinton},
  title = {StackGuard: Automatic Adaptive Detection and Prevention of Buffer-Overflow
	Attacks},
  booktitle = {Proc. 7th USENIX Security Symposium},
  year = {1998},
  pages = {63-78},
  organization = {USENIX Association},
  owner = {posulliv},
  timestamp = {2009.02.21}
}

@book{buffer-overflows,
  title={{Buffer overflow attacks: detect, exploit, prevent}},
  author={Foster, J.C.},
  year={2005},
  publisher={Syngress Media Inc}
}

@misc{flash-overflow,
  title={{CVE-2007-0071}},
  author={http://web.nvd.nist.gov/view/vuln/detail?vulnId=CVE-2007-0071}
}

@misc{ms-overflows,
  title={{CVE-2006-4868}},
  author={http://web.nvd.nist.gov/view/vuln/detail?vulnId=CVE-2006-4868}
}

@article{patches,
  title={{Does open source improve system security?}},
  author={Witten, B. and Landwehr, C. and Caloyannides, M. and DARPA, A.},
  journal={IEEE Software},
  volume={18},
  number={5},
  pages={57--61},
  year={2001}
}

@misc{stackshield,
  author={Vendicator},
  title={Stack Shield technical info file v0.7.},
  url={http://www.angelfire.com/sk/stackshield/},
  year={2001}
}

@inproceedings{ares2009,
  title = {{Capturing Information Flow with Concatenated Dynamic Taint
  Analysis}},
  author = {H.~C. Kim and A.~D. Keromytis and M. Covington and
  R. Sahita},
  booktitle = {Proceedings of the $4^{th}$ International Conference on
  Availability, Reliability and Security (ARES)},
  pages = {355--362},
  month = {March},
  year = 2009
}

@inproceedings{nvariant,
  title = {{N-Variant Systems: A Secretless Framework for Security
  through Diversity}},
  author = {B. Cox and D. Evans and A. Filipi and J. Rowanhill and
  W. Hu and J. Davidson and J. Knight and A. Nguyen-Tuong and
  J. Hiser},
  booktitle = {Proceedings of the $15^{th}$ USENIX Security
  Symposium},
  pages = {105--120},
  month = {July/August},
  year = 2005
}

@inproceedings{anagram,
        author = {Ke Wang and Janak J. Parekh and Salvatore J. Stolfo},
        title = {Anagram: A Content Anomaly
            Detector Resistant To Mimicry Attack},
        year = 2006,
	month = {September},
        booktitle = {Proceedings of the $9^{th}$
        International Symposium on Recent Advances in Intrusion Detection ({RAID})}
}

@inproceedings{dira2005,
  author = {A. Smirnov and T .Chiueh},
  title = {{DIRA: Automatic Detection, Identification, and Repair of
  Control-Hijacking Attacks}},
  booktitle = {Proceedings of the ISOC Symposium on Network
  and Distributed System Security},
  year = 2005,
  month = {February},
  page = {203--219}
}

@misc{pax,
  howpublished = {\url{http://pax.grsecurity.net/}},
  key = {pax},
  title = {{PaX Home Page}}
}

@inproceedings{feeb2005,
  booktitle = {Proceedings of the $14^{th}$ USENIX Security
  Symposium},
  month = {August},
  year = 2005,
  pages = {145--160},
  title = {{Where's the FEEB? The Effectiveness of Instruction Set
  Randomization}},
  author = {A.~N. Sovarel and D. Evans and N. Paul}
}

@inproceedings{comprehensiveaddress2005,
  booktitle = {Proceedings of the $14^{th}$ USENIX Security
  Symposium},
  month = {August},
  year = 2005,
  title = {{Efficient Techniques for Comprehensive Protection from
  Memory Error Exploits}},
  pages = {255--270},
  author = {S. Bhatkar and R. Sekar and D.~C. DuVarney}
}

@article{static2004,
  author = {B. Chess and G. McGraw},
  title = {{Static Analysis for Security}},
  year = 2004,
  month = {November/December},
  volume = 2,
  number = 6,
  journal = {IEEE Security \& Privacy},
  pages = {76--79}
}

@inproceedings{inference2004,
  author = {R. Johnson and D. Wagner},
  title = {{Finding User/Kernel Pointer Bugs With Type Inference}},
  year = 2004,
  month = {August},
  booktitle = {Proceedings for the $13^{th}$ USENIX Security
  Symposium},
  pages = {119--134}
}

@article{ieeesp2008,
  title = {{Randomized Instructions Sets and Runtime Environments:
  Past Research and Future Directions}},
  author = {A.~D. Keromytis},
  journal = {IEEE Security \& Privacy Magazine},
  year = 2008,
  month = {January/February},
  volume = 7,
  number = 1,
  pages = {18--25}
}

@inproceedings{assure2009,
  title = {{ASSURE: Automatic Software Self-healing Using REscue
  points}},
  author = {S. Sidiroglou and O. Laadan and N. Viennot and C.-R. PÃ©rez
  and A.~D. Keromytis and J. Nieh},
  booktitle = {Proceedings of the $14^{th}$ International Conference
  on Architectural Support for Programming Languages and Operating
  Systems (ASPLOS)},
  pages = {37--48},
  month = {March},
  year = 2009
}

@inproceedings{assure2007,
  author = {S. Sidiroglou and O. Laadan and A.~D. Keromytis and J. Nieh},
  title = {{Using Rescue Points to Navigate Software Recovery (Short
  Paper)}},
  year = 2007,
  month = {May},
  booktitle = {Proceedings of the IEEE Security and Privacy
  Symposium},
  pages = {273--278}
}

@inproceedings{iaw2006,
  title = {{PalProtect: A Collaborative Security Approach to Comment
  Spam}},
  author = {B. Wong and M.~E. Locasto and A.~D. Keromytis},
  year = 2006,
  month = {June},
  booktitle = {Proceedings of the $7^{th}$ Annual IEEE SMC Information
  Assurance Workshop (IAW)},
  pages = {170--175}
}

@inproceedings{peerpressure2005,
  author = {Q. Huang and H.~J. Wang and N. Borisov},
  title = {{Privacy-Preserving Friends Troubleshooting Network}},
  year = 2005,
  booktitle = {Proceedings of the ISOC Symposium on Network and
  Distributed System Security (SNDSS)},
  month = {February}
}

@inproceedings{liang2005covers,
  author = "Zhenkai Liang and R. Sekar",
  title = {{Fast and Automated Generation of Attack Signatures: A
  Basis for Building Self-Protecting Servers}},
  booktitle = "Proceedings of the $12^{th}$ ACM Conference on Computer
  and Communications Security (CCS)",
  month = "November",
  year = "2005",
  pages = {213--222}
}

@inproceedings{xu2005siggen,
  author = "Jun Xu and Peng Ning and Chongkyung Kil and Yan Zhai and
  Chris Bookholt",
  title = {{Automatic Diagnosis and Response to Memory Corruption
  Vulnerabilities}},
  booktitle = "Proceedings of the $12^{th}$ ACM Conference on Computer
  and Communications Security (CCS)",
  month = "November",
  year = "2005",
  pages = {222-234}
}

@inproceedings{peerpressure2004,
  author = {H.~J. Wang and J. Platt and Y. Chen and R. Zhang and
  Y.~M. Wang},
  title = {{Automatic Misconfiguration Troubleshooting with
  PeerPressure}},
  year = 2004,
  month = {December},
  booktitle = {Proceedings of OSDI}
}

@inproceedings{peerpressure-2-2004,
  author = {H.~J. Wang and Y.~C. Hu and C. Yuan and Z. Zhang and
  Y.~M. Wang},
  title = {{Friends Troubleshooting Network: Towards
  Privacy-Preserving, Automatic Troubleshooting}},
  year = 2004,
  booktitle = {Proceedings of the $3^{rd}$ International Workshop on
  Peer-to-Peer Systems (IPTPS)},
  month = {February}
}

@inproceedings{sevoting2005,
  author = {Q. Huang and D. Jao and H.~J. Wang},
  title = {{Applications of Secure Electronic Voting to Automated
  Privacy-Preserving Troubleshooting}},
  year = 2005,
  month = {November},
  booktitle = "Proceedings of the $12^{th}$ ACM Conference on Computer
  and Communications Security (CCS)",
  pages = {68--80}
}

@inproceedings{rx,
  title = {{Treating Bugs As Allergies -- A Safe Method for Surviving
  Software Failures}},
  author = {F. Qin and J. Tucek and J. Sundaresan and Y. Zhou},
  year = 2005,
  month = {October},
  booktitle = {Proceedings of SOSP}
}

@inproceedings{p2psyscall,
  author = {D.~J. Malan and M.~D. Smith},
  title = {{Host-Based Detection of Worms through Peer-to-Peer
  Cooperation}},
  year = 2005,
  month = {October},
  booktitle = {Proceedings of the Workshop On Rapid Malcode (WORM)}
}

@article{patchgen,
  title = {{Countering Network Worms Through Automatic Patch
  Generation}},
  year = 2005,
  month = {November/December},
  journal = {IEEE Security \& Privacy},
  volume = 3,
  number = 6,
  pages = {41--49},
  author = {S. Sidiroglou and A.~D. Keromytis}
}

@article{dyntaint2009,
  title = {{On the Deployment of Dynamic Taint Analysis for
  Application Communities}},
  year = 2009,
  month = {March},
  volume = {E92-D},
  number = 3,
  pages = {548--551},
  author = {H.~C. Kim and A.~D. Keromytis},
  journal = {IEICE Transactions}
}

@article{exectrans,
  title = {{Execution Transactions for Defending Against Software
  Failures}},
  author = {S. Sidiroglou and A.~D. Keromytis},
  year = 2006,
  volume = {5},
  number = {22},
  pages = {77--91},
  month = {April},
  journal = {International Journal of Information Security (IJIS)}
}

@inproceedings{serl-its,
  title = {{Bend, Don't Break: Using Reconfiguration to Achieve
  Survivability}},
  year = 2000,
  month = {October},
  pages = {187--190},
  booktitle = {Proceedings of the 3rd Information Survivability
  Workshop},
  author = {A. Wolf and D. Heimbigner and A. Carzaniga and J. Knight
  and P. Devenbu and M. Gertz}
}

@inproceedings{sitar,
  author = {F. Wang and R. Uppalli},
  title = {{SITAR: A Scalable Intrusion-Tolerant Architecture for
  Distributed Services}},
  year = 2003,
  month = {April},
  pages = {153--155},
  booktitle = {Volume II of the Proceedings of DISCEX III}
}

@Misc{scc-itsi,
  title = {{Intrusion Tolerant Server Infrastructure}},
  author = {{Secure Computing Corporation}},
  howpublished =
{\url{http://www.tolerantsystems.org/ProjectSummaries/Intrusion_Tolerant_Server_Infrastructure.html}},
  year = 2000
}

@inproceedings{wang01,
author = "F. Wang and F. Gong and C. Sargor and K. Goseva-Popstojanova and K. Trivedi and F. Jou",
title = "SITAR: A Scalable Intrusion Tolerance Architecture for Distributed Servers",
booktitle = "Proceedings of the IEEE 2nd SMC Information Assurance Workshop",
year = 2001,
location = "West Point, New York"
}

@inproceedings{nspwspeculative,
  author = {M.~E. Locasto and S. Sidiroglou and A.~D. Keromytis},
  title = {{Speculative Virtual Verification: Policy-Constrained
  Speculative Execution}},
  year = 2005,
  month = {September},
  booktitle = {Proceedings of the New Security Paradigms Workshop
  (NSPW)}
}

@inproceedings{potemkin,
  author = {M. Vrable and J. Ma and J. Chen and D. Moore and
  E. Vandekieft and A. Snoeren and G. Voelker and S. Savage},
  title = {{Scalability, Fidelity and Containment in the Potemkin
  Virtual Honeyfarm}},
  year = 2005,
  month = {October},
  booktitle = {Proceedings of SOSP}
}

@inproceedings{iaw2005,
  title = {{Towards Collaborative Security and P2P Intrusion
  Detection}},
  year = 2005,
  month = {June},
  pages = {333--339},
  author = {M.~E. Locasto and J. Parekh and A.~D. Keromytis and
  S. Stolfo},
  booktitle = {Proceedings of the $6^{th}$ Annual IEEE SMC Information
  Assurance Workshop (IAW)}
}

@inproceedings{vigilante,
  title = {{Vigilante: End-to-End Containment of Internet Worms}},
  author = {M. Costa and J. Crowcroft and M. Castro and
  A.~I.~T. Rowstron and L. Zhou and L. Zhang and P.~T. Barham},
  year = 2005,
  month = {October},
  booktitle = {Proceedings of SOSP},
  pages = {133--147}
}

@inproceedings{appcomm2006,
  title = {{Software Self-Healing Using Collaborative Application
  Communities}},
  author = {M.~E. Locasto and S. Sidiroglou and A.~D. Keromytis},
  year = 2006,
  month = {February},
  booktitle = {Proceedings of the ISOC Symposium on Network and
  Distributed Systems Security (SNDSS)},
  pages = {95--106}
}

@inproceedings{authsyscall2005,
  author = {M. Rajagopalan and M. Hiltunen and T. Jim and
  R. Schlichting},
  title = {{Authenticated System Calls}},
  year = 2005,
  month = {June},
  booktitle = {Proceedings of the International Conference on
  Dependable Systems and Networks (DSN)},
  pages = {358--367}
}

@inproceedings{minos,
  author = {J.~R. Cranall and F.~T. Chong},
  title = {{Minos: Architectural Support for Software Security Through
  Control Data Integrity}},
  year = 2004,
  month = {December},
  booktitle = {Proceedings of the International Symposium on
  Microarchitecture (MICRO)}
}

@inproceedings{dynamictaint2005,
  author = {J. Newsome and D. Dong},
  title = {{Dynamic Taint Analysis for Automatic Detection, Analysis, and
  Signature Generation of Exploits on Commodity Software}},
  booktitle = {Proceedings of the $12^{th}$ Annual Symposium on Network and
  Distributed System Security (SNDSS)},
  year = 2005,
  month = {February}
}

@inproceedings{opus2005,
  author = {G. Altekar and I. Bagrak and P. Burstein and A. Schultz},
  title = {{OPUS: Online Patches and Updates for Security}},
  year = 2005,
  month = {August},
  booktitle = {Proceedings of the $14^{th}$ USENIX Security
  Symposium},
  pages = {287--302}
}

@inproceedings{noncontrol2005,
  author = {S. Chen and J. Xu and E.~C. Sezer and P. Gauriar and R.~K. Iyer},
  title = {{Non-Control-Data Attacks Are Realistic Threats}},
  year = 2005,
  month = {August},
  booktitle = {Proceedings of the $14^{th}$ USENIX Security Symposium},
  pages = {177--191}
}

@article{edem,
  author = {D.~M. Hilbert and D.~F. Redmiles},
  title = {{Extracting usability information from user interface
  events}},
  year = 2000,
  month = {December},
  journal = {ACM Computing Surveys},
  volume = 32,
  number = 4,
  pages = {384--421}
}

@inproceedings{gamma2002,
  author = {A. Orso and D. Liang and M.~J. Harrold and R. Lipton},
  year = 2002,
  month = {July},
  title = {{Gamma System: Continuous Evolution of Software After
  Deployment}},
  booktitle = {Proceedings of the ACM International Symposium on
  Software Testing and Analysis (ISSTA)}
}

@inproceedings{paste2002,
  author = {J. Bowring and A. Orso and M.~J. Harrold},
  year = 2002,
  month = {November},
  booktitle = {Proceedings of the Workshop on Program Analysis for
  Software Tools and Engineering (PASTE)},
  title = {{Monitoring Deployed Software Using Software Tomography}},
}

@article{collabwormsp2005,
  author = {M. Cai and K. Hwang and Y-K. Kwok and S. Song and
  Y. Chen},
  title = {{Collaborative Internet Worm Containment}},
  year = 2005,
  month = {May/June},
  journal = {IEEE Security \& Privacy Magazine},
  volume = 3,
  number = 3,
  pages = {25--33}
}

@inproceedings{domino,
author={V. Yegneswaran and P. Barford and S. Jha},
title={{Global Intrusion Detection in the DOMINO Overlay System}},
booktitle={Proceedings of NDSS},
year={2004},
month = {February}
}

@article{defeatcompiler2005,
  author = {A. Steven},
  title = {{Defeating compiler-level buffer overflow protection}},
  year = 2005,
  journal = {USENIX ;login:},
  month = {June},
  volume = 30,
  number = 3,
  pages = {59--71}
}

@inproceedings{lillibridge2003backup,
  author = "M. Lillibridge and S. Elnikety and A. Birrell and M. Burrows",
  title = {{A Cooperative Internet Backup Scheme}},
  booktitle = "Proceedings of the USENIX Annual Technical Conference",
  month = "June",
  year = "2003"
}

@inproceedings{saber,
  title = {{A Holistic Approach to Service Survivability}},
  author = "Angelos D. Keromytis and Janak Parekh and Philip N. Gross
  and Gail Kaiser and Vishal Misra and Jason Nieh and Dan Rubenstein
  and Sal Stolfo",
  booktitle = "Proceedings of the $1^{st}$ ACM Workshop on Survivable
  and Self-Regenerative Systems (SSRS)",
  pages = {11--22},
  month = "October",
  year = "2003"
}

@techreport{strunk2002storage,
  title = {{Intrusion Detection, Diagnosis, and Recovery with Self-Securing Storage}},
  author = "John D. Strunk and Garth R. Goodson and Adam G. Pennington and Craig Soules and Gregory Ganger",
  institution = "CMU Computer Science",
  number= "CMU-CS-02-140",
  month = "May",
  year = "2002"
}

@inproceedings{sidiroglou2005usenix,
  title = {{Building A Reactive Immune System for Software Services}},
  author = "Stelios Sidiroglou and Michael E. Locasto and Stephen W. Boyd and Angelos D. Keromytis",
  booktitle = {Proceedings of the $11^{th}$ USENIX Annual Technical Conference},
  month = "April",
  pages = {149--161},
  year = "2005"
}

@inproceedings{crashonly,
  title = "Crash-Only Software",
  author = "George Candea and Armando Fox",
  booktitle = "Proceedings of the 9th Workshop on Hot Topics in Operating Systems",
  month = "May",
  year = "2003"
}

@article{kreidl2002feedback,
  title = {{Feedback Control Applied to Survivability: A Host-Based Autonomic Defense System}},
  author = "O. Patrick Kreidl and Tiffany M. Frazier",
  journal = "IEEE Transactions on Reliability",
  volume = "",
  number = "",
  year = "2002"
}

@inproceedings{atighetchi2003apod,
 title = {{Adaptive Use of Network-Centric Mechanisms in Cyber-Defense}},
 author = "Michael Atighetchi and Partha Pal and Franklin Webber and Christopher Jones",
 booktitle = "Proceedings of the 2nd IEEE International Symposium on Network Computing and Applications",
 month = "April",
 year = "2003"
}

@inproceedings{costa2004hotnets,
  title = {{Can We Contain Internet Worms?}},
  author = {M. Costa and J. Crowcroft and M. Castro and A. Rowstron},
  year = 2004,
  month = {November},
  booktitle = {Proceedings of the $3^{rd}$ Workshop on Hot Topics in
  Networks (HotNets)}
}

@article{ghosh99cacm,
 title = {{Innoculating Software for Survivability}},
 author = "Anup K. Ghosh and Jeffery M. Voas",
 journal = "Communications of the ACM",
 volume = "42",
 number = "7",
 year = "1999"
}

@inproceedings{brown2003undo,
  title = {{Undo for Operators: Building an Undoable E-mail Store}},
  author = "Aaron B. Brown and David A. Patterson",
  booktitle = "Proceedings of the USENIX Annual Technical Conference",
  pages = {1-14},
  year = "2003"
}

@inproceedings{icon03-worm,
  title = {{A Cooperative Immunization System for an Untrusting Internet}},
  author = "Kostas Anagnostakis and Michael B. Greenwald and Sotiris Ioannidis and Angelos D. Keromytis and Dekai Li. ",
  booktitle ="Proceedings of the 11th IEEE International Conference on Networks (ICON)",
  pages = {403-408},
  month = "October",
  year = "2003"
}

@inproceedings{porras2004hybrid,
  title = {{A Hybrid Quarantine Defense}},
  author = "Phillip Porras and L. Briesemeister and K. Skinner and K. Levitt and J. Rowe and Y. A. Ting",
  booktitle = "Proceedings of the ACM CCS Workshop on Rapid Malcode (WORM) 2004",
  month = "October",
  year = "2004"
}

@techreport{locasto2004cdid,
  author = "Michael Locasto and Janak Parekh and Sal Stolfo and Angelos Keromytis and Tal Malkin and Vishal Misra",
  title = {{Collaborative Distributed Intrusion Detection}},
  institution = "Columbia University Department of Computer Science",
  number = "CUCS-012-04",
  year = "2004"
}

@article{stolfo2004early,
  author = "Salvatore J. Stolfo",
  title = {{Worm and Attack Early Warning}},
  journal = "IEEE Security and Privacy",
  volume = "2",
  number = "3",
  pages = {73-75},
  month = "May-June",
  year = "2004"
}

@inproceedings{addressobfuscation,
  title = {{Address Obfuscation: an Efficient Approach to Combat a
  Broad Range of Memory Error Exploits}},
  year = 2003,
  month = {August},
  booktitle = {Proceedings of the 12th USENIX Security Symposium},
  pages = {105--120},
  author = {S. Bhatkar and D.~C. DuVarney and R. Sekar}
}

@techreport{mitigateoverflow,
  author = {M. Chew and D. Song},
  title = {{Mitigating Buffer Overflows by Operating System
  Randomization}},
  year = 2002,
  month = {December},
  institution = {Carnegie Mellon University},
  number = {CMU-CS-02-197}
}

@inproceedings{sqlrand,
  author = {S. W. Boyd and A. D. Keromytis},
  title = {{SQLrand: Preventing SQL Injection Attacks}},
  year = 2004,
  month = {June},
  booktitle = {Proceedings of the $2^{nd}$ Applied Cryptography and
  Network Security Conference (ACNS)},
  pages = {292--302}
}

@inproceedings{softwarediversity2004,
  author = {A. J. O'Donnell and H. Sethu},
  title = {{On Achieving Software Diversity for Improved Network
  Security using Distributed Coloring Algorithms}},
  year = 2004,
  month = {October},
  booktitle = {Proceedings of the $11^{th}$ ACM Conference on Computer
  and Communications Security (CCS)},
  pages = {121--131}
}

@inproceedings{addressrand2004,
  author = {H. Shacham and M. Page and B. Pfaff and E. Goh and
  N. Modadugu and D. Boneh},
  title = {{On the Effectiveness of Address-Space Randomization}},
  year = 2004,
  month = {October},
  booktitle = {Proceedings of the $11^{th}$ ACM Conference on Computer
  and Communications Security (CCS)},
  pages = {298--307}
}

@inproceedings{archwassa2004,
  year = 2004,
  month = {October},
  booktitle = {Proceedings of the Workshop on Architectural Support
  for Security and Anti-virus (WASSA)},
  pages = {29--36},
  author = {D. A. Holland and A. T. Lim and M. I. Seltzer},
  title = {{An Architecture A Day Keeps The Hacker Away}}
}

@article{cacm-mono,
  author = {Mark Stamp},
  title = {{Risks of Monoculture}},
  year = 2004,
  month = {March},
  journal = {Communications of the ACM},
  pages = {120},
  volume = 47,
  number = 3
}

@inproceedings{cowan2000,
  author = {C. Cowan and H. Hinton and C. Pu and J. Walpole},
  title = {{The Cracker Patch Choice: An Analysis of Post Hoc Security
  Techniques}},
  year = 2000,
  month = {October},
  booktitle = {Proceedings of the National Information Systems
  Security Conference (NISSC)}
}

@inproceedings{prev-99,
  author = {Vassilis Prevelakis},
  title = {{A Secure Station for Network Monitoring and Control}},
  month = {August},
  year = {1999},
  booktitle = {Proceedings of the $8^{th}$ USENIX Security Symposium}
}

@article{nversion,
  author = {A. Avizienis},
  title = {{The n-version approach to fault-tolerant software}},
  year = 1985,
  volume = 11,
  number = 12,
  pages = {1491--1501},
  journal = {IEEE Transactions on Software Engineering}
}

@article{nversion1,
  author = {J. Gray and D. Siewiorek},
  title = {{High-availability Computer Systems}},
  year = 1991,
  month = {September},
  pages = {39--48},
  volume = 24,
  number = 9,
  journal = {IEEE Computer}
}

@article{knight86experimental,
    author = {J. C. Knight and N. G. Leveson},
    title = {{An Experimental Evaluation of the Assumption of Independence in Multiversion Programming}},
    journal = "IEEE Transactions on Software Engineering",
    volume = "12",
    number = "1",
    pages = "96--109",
    year = "1986",
    month = {January}
}

@article{knight90,
  author = {S. Brilliant and J. C. Knight and N. G. Leveson},
  title = {{Analysis of Faults in an N-Version Software Experiment}},
  year = 1990,
  month = {February},
  volume = 16,
  number = 2,
  journal = {IEEE Transactions on Software Engineering}
}

@article{monoculture1,
  author = {G. Goth},
  title = {{Addressing the Monoculture}},
  journal = {IEEE Security \& Privacy},
  month = {November/December},
  year = 2003,
  volume = 1,
  number = 6,
  pages = {8--10}
}

@article{monoculture2,
  author = {J. A. Whittaker},
  title = {{No Clear Answers on Monoculture Issues}},
  journal = {IEEE Security \& Privacy},
  month = {November/December},
  year = 2003,
  volume = 1,
  number = 6,
  pages = {18--19}
}

@article{monoculture3,
  author = {D. E. Geer},
  title = {{Monopoly Considered Harmful}},
  journal = {IEEE Security \& Privacy},
  month = {November/December},
  year = 2003,
  volume = 1,
  number = 6,
  pages = {14 \& 17}
}

@article{monoculture4,
  author = {D. Aucsmith},
  title = {{Monocultures Are Hard To Find In Practice}},
  journal = {IEEE Security \& Privacy},
  month = {November/December},
  year = 2003,
  volume = 1,
  number = 6,
  pages = {15--16}
}

@inproceedings{abstractexecution,
  author = {T. Toth and C. Kruegel},
  title = {{Accurate Buffer Overflow Detection via Abstract Payload
  Execution}},
  year = 2002,
  booktitle = {Proceedings of the 5th Symposium on Recent Advances in
  Intrusion Detection (RAID)},
  month = {October}
}

@inproceedings{wormvaccine,
  author = {S. Sidiroglou and A. D. Keromytis},
  title = {{A Network Worm Vaccine Architecture}},
  year = 2003,
  month = {June},
  booktitle = {Proceedings of the IEEE Workshop on Enterprise
  Technologies: Infrastructure for Collaborative Enterprises (WETICE),
  Workshop on Enterprise Security},
  pages = {220--225}
}

@inproceedings{cssv2003,
  author = {N. Dor and M. Rodeh and M. Sagiv},
  title = {{CSSV: Towards a realistic tool for statically detecting
  all buffer overflows in C}},
  year = 2003,
  month = {June},
  booktitle = {Proceedings of the ACM Conference on Programming
  Language Design and Implementation (PLDI)}
}

@inproceedings{archer2003,
  author = {Y. Xie and A. Chou and D. Engler},
  year = 2003,
  month = {September},
  title = {{ARCHER: Using symbolic, path-sensitive analysis to detect
  memory access errors}},
  booktitle = {Proceedings of the $9^{th}$ European Software Engineering
  Conference and the 11th ACM Symposium on the Foundations of Software
  Engineering (ESEC/FSE)}
}

@inproceedings{linearanalysis2003,
  author = {V. Ganapathy and S. Jha and D. Chandler and D. Melski and
  D. Vitek},
  year = 2003,
  month = {October},
  booktitle = {Proceedings of the 10th ACM Conference on Computer and
  Communications Security (CCS)},
  title = {{Buffer Overrun Detection using Linear Programming and
  Static Analysis}},
  pages = {345--364}
}

@inproceedings{forrest2003,
  author = {E. G. Barrantes and D. H. Ackley and S. Forrest and
  T. S. Palmer and D. Stefanovic and D. D. Zovi},
  year = 2003,
  month = {October},
  booktitle = {Proceedings of the 10th ACM Conference on Computer and
  Communications Security (CCS)},
  title = {{Randomized Instruction Set Emulation to Disrupt Binary
  Code Injection Attacks}},
  pages = {281--289}
}

@inproceedings{instructionrandomization,
  author = {Gaurav S. Kc and Angelos D. Keromytis and Vassilis Prevelakis},
  title = {{Countering Code-Injection Attacks With Instruction-Set Randomization}},
  year = 2003,
  month = {October},
  pages = {272--280},
  booktitle = {Proceedings of the ACM Computer and Communications
  Security (CCS) Conference}
}

@techreport{wittyworm,
   title = {{The Spread of the Witty Worm}},
   author = "Colleen Shannon and David Moore",
   booktitle = "CAIDA Security Analysis",
   month = "March",
   year = "2004"

}

@Misc{cert-dhcpd,
  title = {{CERT Advisory CA-2002-12: Format String Vulnerability in
  ISC DHCPD}},
  howpublished = {\url{http://www.cert.org/advisories/CA-2002-12.html}},
  year = 2002,
  month = {May}
}

@Misc{cert-wuftpd,
  title = {{CERT Advisory CA-2001-33: Multiple Vulnerabilities in WU-FTPD}},
  howpublished = {\url{http://www.cert.org/advisories/CA-2001-33.html}},
  month = {November},
  year = 2001
}

@inproceedings{engler2003,
  author = {D. Engler and K. Ashcraft},
  title = {{RacerX: Effective, Static Detection of Race Conditions and
  Deadlocks}},
  year = 2003,
  month = {October},
  booktitle = {Proceedings of ACM SOSP}
}

@inproceedings{modelcode,
  author = {R. Sekar and V. N. Venkatakrishnan and S. Basu and
  S. Bhatkar and D. C. DuVarney},
  year = 2003,
  title = {{Model-Carrying Code: A Practical Approach for Safe
  Execution of Untrusted Applications}},
  month = {October},
  booktitle = {Proceedings of ACM SOSP}
}

@inproceedings{monitorworms,
  author = {C. C. Zou and L. Gao and W. Gong and D. Towsley},
  year = 2003,
  month = {October},
  pages = {190--199},
  title = {{Monitoring and Early Warning for Internet Worms}},
  booktitle = {Proceedings of the 10th ACM International Conference on
  Computer and Communications Security (CCS)}
}

@inproceedings{nojiri03cooperate,
  author = {D. Nojiri and J. Rowe and K. Levitt},
  title = {{Cooperative Response Strategies for Large Scale Attack Mitigation}},
  year = 2003,
  month = {April},
  booktitle = {Proceedings of the 3rd DARPA Information Survivability
  Conference and Exposition (DISCEX)},
  pages = {293--302}
}

@inproceedings{sos,
  author = "A. D. Keromytis and V. Misra and D. Rubenstein",
  title = {{SOS: Secure Overlay Services}},
  booktitle = {Proceedings of ACM SIGCOMM},
  pages = "61--72",
  month = "August",
  year = 2002
}

@techreport{arbor2001,
  author = {D. Song and R. Malan and R. Stone},
  title = {{A Snapshot of Global Internet Worm Activity}},
  year = 2001,
  month = {November},
  institution = {Arbor Networks}
}

@inproceedings{toth2002,
  author = {T. Toth and C. Kruegel},
  title = {{Connection-history Based Anomaly Detection}},
  year = 2002,
  month = {June},
  booktitle = {Proceedings of the IEEE Workshop on Information
  Assurance and Security}
}

@techreport{nbar,
  institution = {Cisco Systems, Inc.},
  title = {{Using Network-Based Application Recognition and Access
  Control Lists for Blocking the "Code Red" Worm at Network Ingress
  Points}},
  howpublished = {\url{http://www.cisco.com/warp/public/63/nbar\_acl\_codered.shtml}}}}
}

@techreport{throttle,
  author = {M. Williamson},
  year = 2002,
  number = {HPL-2002-172},
  institution = {HP Laboratories Bristol},
  title = {{Throttling Viruses: Restricting Propagation to Defeat
  Malicious Mobile Code}},
}

@misc{labrea,
  author = {T. Liston},
  title = {{Welcome To My Tarpit: The Tactical and Strategic Use of
  LaBrea}},
  year = 2001,
  howpublished = {\url{http://www.threenorth.com/LaBrea/LaBrea.txt}}
}

@inproceedings{learning2002,
  title = {{Learning Unknown Attacks -- A Start}},
  year = 2002,
  booktitle = {Proceedings of the 5th International Symposium on Recent Advances in Intrusion Detection (RAID)},
  author = {J. E. Just and L. A. Clough and M. Danforth and K. N. Levitt
  and R. Maglich and J. C. Reynolds and J. Rowe},
  month = {October}
}

@inproceedings{dsn2002,
  author = {J. C. Reynolds and J. Just and E. Lawson and L. Clough and
  R. Maglich},
  title = {{The Design and Implementation of an Intrusion Tolerant
  System}},
  year = 2002,
  month = {June},
  booktitle = {Proceedings of the International Conference on
  Dependable Systems and Networks (DSN)}
}

@inproceedings{diversity2003,
  author = {J. C. Reynolds and J. Just and L. Clough and R. Maglich},
  title = {{On-Line Intrusion Detection and Attack Prevention Using
  Diversity, Generate-and-Test, and Generalization}},
  year = {2003},
  month = {January},
  booktitle = {Proceedings of the 36th Annual Hawaii International
  Conference on System Sciences (HICSS)}
}

@inproceedings{diversity2002,
  author = {J.C. Reynolds and J. Just and E. Lawson and L. Clough and
  R. Maglich},
  title = {{On-line Intrusion Protection by Detecting Attacks with
  Diversity}},
  year = {July},
  month = {April},
  booktitle = {16th Annual IFIP 11.3 Working Conference on Data and
  Application Security Conference}
}

@article{ visser01stratego,
    author = "Eelco Visser",
    title = {{Stratego: A Language for Program Transformation Based on Rewriting Strategies}},
    journal = "Lecture Notes in Computer Science",
    volume = "2051",
    year = "2001",
    url = "citeseer.nj.nec.com/visser01stratego.html" }

@article{malton93denotational,
    author = "Andrew J. Malton",
    title = {{The Denotational Semantics of a Functional Tree-Manipulation Language}},
    journal = "Computer Languages",
    volume = "19",
    number = "3",
    pages = "157-168",
    year = "1993",
    url = "citeseer.nj.nec.com/malton94denotational.html" }

@Misc{econ,
  title = {{2001 Economic Impact of Malicious Code Attacks}},
  howpublished =
  {\url{http://www.computereconomics.com/cei/press/pr92101.html}},
  journal = "Computer Economics"
}

@inproceedings{stolfo-met,
  author = {M. Bhattacharyya and M.~G. Schultz and E. Eskin and
  S. Hershkop and S.~J. Stolfo},
  title = {{MET: An Experimental System for Malicious Email
  Tracking}},
  year = 2002,
  month = {September},
  booktitle = {Proceedings of the New Security Paradigms Workshop
  (NSPW)},
  city = {Virginia Beach},
  state = {VA},
  pages = {1--12}
}

@inproceedings{virtualids,
  author = {G. W. Dunlap and S. T. King and S. Cinar and M. A. Basrai
  and P. M. Chen},
  title = {{ReVirt: Enabling Intrusion Analysis through
  Virtual-Machine Logging and Replay}},
  year = 2002,
  month = {December},
  booktitle = {Proceedings of the 5th Symposium on Operating Systems
  Design and Implementation (OSDI)}
}

@inproceedings{nspw-predators,
  author = {H. Toyoizumi and A. Kara},
  title = {{Predators: Good Will Mobile Codes Combat against Computer Viruses}},
  year = 2002,
  month = {September},
  booktitle = {Proceedings of the New Security Paradigms Workshop
  (NSPW)},
  city = {Virginia Beach},
  state = {VA},
  pages = {13--21}
}

@inproceedings{paxson:own-the-internet,
  author = {S. Staniford and V. Paxson and N. Weaver},
  title = {{How to Own the Internet in Your Spare Time}},
  year = 2002,
  booktitle = {Proceedings of the 11th USENIX Security Symposium},
  month = {August},
  pages = {149--167},
}

@article{cohen87,
  author = {F. Cohen},
  title = {{Computer Viruses: Theory and Practice}},
  journal = {Computers \& Security},
  volume = {6},
  pages = {22-35},
  month = {February},
  year = {1987}
}

@inproceedings{wang00computer,
  author = {C. Wang and J. C. Knight and M. C. Elder},
  title = {{On Computer Viral Infection and the Effect of Immunization}},
  booktitle = {Proceedings of the 16th Annual Computer Security Applications Conference (ACSAC)},
  pages = {246-256},
  year = {2000}
}

@inproceedings{kephartbiologically,
  author = {Jeffrey O. Kephart},
  title = {{A Biologically Inspired Immune System for Computers}},
  booktitle = {Artificial Life IV: Proceedings of the Fourth International Workshop on the Synthesis and Simulation of Living Systems},
  pages = {130--139},
  year = 1994,
  publisher = {MIT Press}
}

@inproceedings{lin98,
  author = {M-J Lin and A. Ricciardi and K. Marzullo},
  title = {{A New Model for Availability in the Face of Self-Propagating Attacks}},
  booktitle = {Proceedings of the New Security Paradigms Workshop},
  month = {November},
  year = {1998}
}

@article{nachenberg,
  author = {C. Nachenberg},
  title = {{Computer Virus - Coevolution}},
  journal = {Communications of the ACM},
  volume = {50},
  number = {1},
  pages = {46-51},
  year = {1997}
}

@inproceedings{internetquarantine,
  title = {{Internet Quarantine: Requirements for Containing
  Self-Propagating Code}},
  author = {D. Moore and C. Shannon and G. Voelker and S. Savage},
  year = 2003,
  month = {April},
  booktitle = {Proceedings of the IEEE Infocom Conference}
}

@Misc{slammer,
  title = {{The Spread of the Sapphire/Slammer Worm}},
  howpublished = {\url{http://www.silicondefense.com/research/worms/slammer.php}},
  year = 2003,
  month = {February}
}

@Misc{cert-dcom,
  title = {{CERT Advisory CA-2003-19: Exploitation of Vulnerabilities
  in Microsoft RPC Interface}},
  year = 2003,
  month = {July},
  howpublished = {\url{http://www.cert.org/advisories/CA-2003-19.html}}
}

@Misc{cert-blaster,
  title = {{CERT Advisory CA-2003-21: W32/Blaster Worm}},
  howpublished = {\url{http://www.cert.org/advisories/CA-2003-20.html}},
  year = 2003,
  month = {August}
}

@Misc{cert-nimda,
  title = {{CERT Advisory CA-2001-26: Nimda Worm}},
  howpublished = {\url{http://www.cert.org/advisories/CA-2001-26.html}},
  year = 2001,
  month = {September}
}

@Misc{cert-sql,
  title = {{Cert Advisory CA-2003-04: MS-SQL Server Worm}},
  howpublished = {\url{http://www.cert.org/advisories/CA-2003-04.html}},
  month = {January},
  year = 2003
}

@Misc{cert-codered,
  title= {{CERT Advisory CA-2001-19: `Code Red' Worm Exploiting Buffer
  Overflow in IIS Indexing Service DLL}},
  howpublished = {\url{http://www.cert.org/advisories/CA-2001-19.html}},
  year = 2001,
  month = {July}
}

@inproceedings{moorecodered2002,
  author = {D. Moore and C. Shanning and K. Claffy},
  title = {{Code-Red: a case study on the spread and victims of an
  Internet worm}},
  year = 2002,
  pages = {273--284},
  month = {November},
  booktitle = {Proceedings of the 2nd Internet Measurement Workshop
  (IMW)}
}

@inproceedings{coderedccs2002,
  author = {C. C. Zou and W. Gong and D. Towsley},
  title = {{Code Red Worm Propagation Modeling and Analysis}},
  year = 2002,
  month = {November},
  booktitle = {Proceedings of the 9th ACM Conference on Computer and
  Communications Security (CCS)},
  pages = {138--147}
}

@techreport{ spafford88internet,
    author = "Eugene H. Spafford",
    title = {{The Internet Worm Program: An Analysis}},
    number = "CSD-TR-823",
    institution = {Purdue University},
    year = "1988",
    url = "citeseer.nj.nec.com/spafford88internet.html" }

@book{wormref,
  author={John Brunner},
  title={The Shockwave Rider},
  publisher={Del Rey Books},
  address={Canada},
  howpublished={This is the original reference for the term "tape-worm"},
  isbn={ISBN 0345324315},
  year=1975
}

@article{shoch:worm,
  author = {J. F. Shoch and J. A. Hupp},
  title = {The ``worm'' programs -- early experiments with a distributed computation},
  journal = {Communications of the {ACM}},
  year = {1982},
  volume = {22},
  number = {3},
  pages = {172-180},
  month = {March}
}

@inproceedings{wagnerccs2002,
  author = {H. Chen and D. Wagner},
  title = {{MOPS: an Infrastructure for Examining Security Properties
  of Software}},
  year = 2002,
  month = {November},
  booktitle = {Proceedings of the ACM Computer and Communications
  Security (CCS) Conference},
  pages = {235--244}
}

@article{rosenblum97using,
    author = "M. Rosenblum and E. Bugnion and S. Devine and S. A. Herrod",
    title = {{Using the SimOS Machine Simulator to Study Complex Computer Systems}},
    journal = "Modeling and Computer Simulation",
    volume = "7",
    number = "1",
    pages = "78-103",
    year = "1997",
    url = "citeseer.nj.nec.com/rosenblum97using.html" }

@inproceedings{garfinkelndss2003,
  title = {{A Virtual Machine Introspection Based Architecture for
  Intrusion Detection}},
  author = {T. Garfinkel and M. Rosenblum},
  year = 2003,
  month = {February},
  booktitle = {Proceedings of the Symposium on Network and Distributed Systems
  Security (SNDSS)},
  pages = {191--206}
}

@inproceedings{garfinkelsyscall2003,
  author = {T. Garfinkel},
  title = {{Traps and Pitfalls: Practical Problems in System Call
  Interposition Based Security Tools}},
  year = 2003,
  month = {February},
  booktitle = {Proceedings of the Symposium on Network and Distributed Systems
  Security (SNDSS)},
  pages = {163--176}
}

@inproceedings{bufoverproblems,
  author = {J. Wilander and M. Kamkar},
  title = {{A Comparison of Publicly Available Tools for Dynamic
  Intrusion Prevention}},
  year = 2003,
  month = {February},
  booktitle = {Proceedings of the Symposium on Network and Distributed Systems
  Security (SNDSS)},
  pages = {123--130}
}

@Article{alephone1996smashing,
  author = 	 {{Aleph One}},
  title = 	 {Smashing the Stack for Fun and Profit},
  journal = 	 {Phrack},
  year = 	 1996,
  volume =	 7,
  number =	 49
}

@misc{consh,
  author = {A. Alexandrov and P. Kmiec and K. Schauser},
  title = {{Consh: A confined execution environment for internet computations}},
  year = {1998},
  month = {December}
}

@Article{bulba2000bypassing,
  author = 	 {Bulba and Kil3r},
  title = 	 {Bypassing {StackGuard} and {StackShield}},
  journal = 	 {Phrack},
  year = 	 2000,
  volume =	 5,
  number =	 56,
  month =	 {May}
}

@InProceedings{kiriansky2002secure,
  author = 	 {V. Kiriansky and D. Bruening and S. Amarasinghe},
  title = 	 {{Secure Execution Via Program Shepherding}},
  booktitle =	 {Proceedings of the 11th USENIX Security Symposium},
  year =	 2002,
  month =	 {August},
  pages =	 {191--205}
}

@Misc{vendicator2000stackshield,
  author =	 {Vendicator},
  title =	 {Stack Shield},
  howpublished = {\url{http://www.angelfire.com/sk/stackshield/}}
}

@misc{heapoverflow,
  author = {{M. Conover and w00w00 Security Team}},
  title = {{w00w00 on heap overflows}},
  howpublished = {\url{http://www.w00w00.org/files/articles/heaptut.txt}},
  month = {January},
  year = 1999
}

@InProceedings{frantzen2001stackghost,
  author = 	 {M. Frantzen and M. Shuey},
  title = 	 {{StackGhost}: Hardware Facilitated Stack Protection},
  booktitle =	 {Proceedings of the 10th USENIX Security Symposium},
  year =	 2001,
  month =	 {August},
  pages =	 {55--66}
}

@inproceedings{polyvirus,
  author = {M. Christodorescu and S. Jha},
  year = 2003,
  month = {August},
  title = {{Static Analysis of Executables to Detect Malicious
  Patterns}},
  pages = {169--186},
  booktitle = {Proceedings of the 12th USENIX Security Symposium}
}

@misc{propolice,
  author = {J. Etoh},
  title = {{GCC extension for protecting applications from
  stack-smashing attacks}},
  howpublished = {\url{http://www.trl.ibm.com/projects/security/ssp/}},
  month = {June},
  year = 2000
}

@inproceedings{ccured,
  author = {G. C. Necula and S. McPeak and W. Weimer},
  title = {{CCured: Type-Safe Retrofitting of Legacy Code}},
  year = 2002,
  month = {January},
  booktitle = {Proceedings of the Principles of Programming Languages
  (PoPL)}
}

@inproceedings{wagnerfirst,
    author = {D. Wagner and J. S. Foster and E. A. Brewer and A. Aiken},
    title = {{A First Step towards Automated Detection of Buffer Overrun Vulnerabilities}},
    booktitle ="Network and Distributed System Security Symposium",
    pages = "3--17",
    month ="February",
    year="2000",
    url = "citeseer.nj.nec.com/wagner00first.html" }

@inproceedings{staticoverflow2001,
  author = {D. Larochelle and D. Evans},
  title = {{Statically Detecting Likely Buffer Overflow
  Vulnerabilities}},
  booktitle = {Proceedings of the 10th USENIX Security Symposium},
  year = 2001,
  month = {August},
  pages = {177--190}
}

@inproceedings{formatstring2001,
  author = {U. Shankar and K. Talwar and J. S. Foster and D. Wagner},
  title = {{Detecting Format String Vulnerabilities with Type
  Qualifiers}},
  booktitle = {Proceedings of the 10th USENIX Security Symposium},
  year = 2001,
  month = {August},
  pages = {201-216}
}

@inproceedings{cqual,
  author = {J. Foster and M. Fa\"hndrich and A. Aiken},
  title = {{A theory of type qualifiers}},
  booktitle = {Proceedings of the ACM SIGPLAN Conference on
  Programming Language Design and Implementation (PLDI)},
  month = {May},
  year = 1999
}

@inproceedings{formatguard2001,
  author = {C. Cowan and M. Barringer and S. Beattie and
  G. Kroah-Hartman},
  title= {{FormatGuard: Automatic Protection From printf Format String
  Vulnerabilities}},
  booktitle = {Proceedings of the 10th USENIX Security Symposium},
  year = 2001,
  month = {August},
  pages = {191-199}
}

@inproceedings{miller99,
  author = {T. C. Miller and T. de Raadt},
  title = {{strlcpy and strlcat: Consistent, Safe, String Copy and
  Concatentation}},
  year = 1999,
  booktitle = {Proceedings of the USENIX Annual Technical Conference,
  Freenix Track},
  month = {June}
}

@InProceedings{baratloo2000transparent,
  author = 	 {A. Baratloo and N. Singh and T. Tsai},
  title = 	 {{Transparent Run-Time Defense Against Stack Smashing Attacks}},
  booktitle =	 {Proceedings of the USENIX Annual Technical Conference},
  year =	 2000,
  month =	 {June}
}

@InProceedings{jim2002cyclone,
  author = 	 {T. Jim and G. Morrisett and D. Grossman and
                  M. Hicks and J. Cheney and Y. Wang},
  title = 	 {Cyclone: A safe dialect of {C}},
  booktitle =	 {Proceedings of the USENIX Annual Technical Conference},
  year =	 2002,
  month =	 {June},
  pages =	 {275--288}
}

@InProceedings{jones97backwards-compatible,
  author = 	 {R. W. M. Jones and P. H. J. Kelly},
  title = 	 {Backwards-compatible bounds checking for arrays and
                  pointers in {C} programs},
  booktitle =	 {Third International Workshop on Automated Debugging},
  year =	 1997
}

@InProceedings{forrest1997building,
  author = 	 {S. Forrest and A. Somayaji and D. Ackley},
  title = 	 {{Building Diverse Computer Systems}},
  booktitle =	 {Proceedings of the 6th HotOS Workshop},
  year =	 1997
}

@InProceedings{lhee2002dynamic,
  author = 	 {K. Lhee and S. J. Chapin},
  title = 	 {{Type-Assisted Dynamic Buffer Overflow Detection}},
  booktitle =	 {Proceedings of the 11th USENIX Security Symposium},
  year =	 2002,
  month =	 {August},
  pages =	 {81-90}
}

@InProceedings{cowan2001formatguard,
  author = 	 {C. Cowan and M. Barringer and S. Beattie and
                  G. Kroah-Hartman},
  title = 	 {FormatGuard: Automatic Protection From printf format
                  string vulnerabilities},
  booktitle =	 {Proceedings of the 10th USENIX Security Symposium},
  year =	 2001,
  month =	 aug
}

@InProceedings{cowan1998stackguard,
  author = 	 {C. Cowan and C. Pu and D. Maier and H. Hinton and
                  J. Walpole and P. Bakke and S. Beattie and A. Grier
                  and P. Wagle and Q. Zhang},
  title = 	 {StackGuard: Automatic Adaptive Detection and
                  Prevention of Buffer-Overflow Attacks},
  booktitle =	 {Proceedings of the 7th USENIX Security Symposium},
  year =	 1998,
  month =	 {January}
}

@inproceedings{mapbox,
  author = {A. Acharya and M. Raje},
  title = {MAPbox: Using Parameterized Behavior Classes to Confine Applications},
  pages = {1-17},
  month = {August},
  year = {2000},
  booktitle = {Proceedings of the 9th USENIX Security Symposium}
}

@inproceedings{Berm9501:TRON,
  author = {A. Berman and V. Bourassa and E. Selberg},
  title = {{TRON: Process-Specific File Protection for the {UNIX} Operating System}},
  booktitle = {Proceedings of the USENIX Technical Conference},
  month = {January},
  year = {1995},
}

@inproceedings{subdomain,
  author = {C. Cowan and S. Beattie and C. Pu and P. Wagle and V. Gligor},
  title = {{SubDomain: Parsimonious Security for Server Appliances}},
  booktitle = {Proceedings of the 14th USENIX System Administration Conference (LISA 2000)},
  year = {2000},
  month = {March}
}

@inproceedings{balzer99,
  author = {R. Balzer and N. Goldman},
  title = {Mediating connectors: A Non-ByPassable Process Wrapping Technology},
  booktitle = {Proceeding of the 19th IEEE International Conference on Distributed Computing Systems},
  year = {1999},
  month = {June}
}

@inproceedings{softwrap,
  author = {T. Fraser and L. Badger and M. Feldman},
  title = {{Hardening COTS Software with Generic Software Wrappers}},
  booktitle = {Proceedings of the IEEE Symposium on Security and Privacy},
  address = {Oakland, CA},
  month = {May},
  year = {1999}
}

@inproceedings{slic,
  author = {D. P. Ghormley and D. Petrou and S. H. Rodrigues and T. E. Anderson},
  title = {{{SLIC}: An Extensibility System for Commodity Operating Systems}},
  booktitle = {Proceedings of the 1998 USENIX Annual Technical Conference},
  year = {1998},
  pages = {39--52},
  month = {June}
}

@Book{GoslingJS96,
  author = 	 {J. Gosling and B. Joy and G. Steele},
  title = 	 "{The Java Language Specification}",
  publisher = 	 {Addison Wesley, Reading},
  year = 	 1996
}

@inproceedings{DTE,
  author = {K. M. Walker and D. F. Stern and L. Badger and K. A. Oosendorp and M. J. Petkac and D. L. Sherman},
  title = {Confining root programs with domain and type enforcement},
  booktitle = {Proceedings of the 1996 USENIX Security Symposium},
  year = {1996},
  month = {July},
  pages = {21--36}
}

@inproceedings{hypervisors,
  author = {T. Mitchem and R. Lu and R. O'Brien},
  title = {{Using Kernel Hypervisors to Secure Applications}},
  booktitle = {Proceedings of the Annual Computer Security Applications Conference},
  year = {1997},
  month = {December}
}

@inproceedings{ prevelakissandboxing,
  author = "V. Prevelakis and D. Spinellis",
  booktitle = {Proceedings of the USENIX Technical Annual
  Conference, Freenix Track},
  month = {June},
  year = 2001,
  title = {{Sandboxing Applications}},
  pages = "119--126",
  url = "citeseer.nj.nec.com/467952.html"
}

@inproceedings{lomac,
  title = {{LOMAC: MAC You Can Live With}},
  author = {T. Fraser},
  booktitle = {Proceedings of the USENIX Annual Technical Conference,
  Freenix Track},
  month = {June},
  year = 2001,
  pages = {1--14}
}

@inproceedings{trustedbsd,
  title = {{TrustedBSD: Adding Trusted Operating System Features to FreeBSD}},
  author = {R. N. M. Watson},
  booktitle = {Proceedings of the USENIX Annual Technical Conference,
  Freenix Track},
  month = {June},
  year = 2001,
  pages = {15--28}
}

@inproceedings{linuxdte,
  title = {{Integrating Flexible Support for Security Policies into
  the Linux Operating System}},
  author = {P. Loscocco and S. Smalley},
  booktitle = {Proceedings of the USENIX Annual Technical Conference,
  Freenix Track},
  month = {June},
  year = 2001,
  pages = {29--40}
}

@InProceedings{peterson2002containment,
  author = 	 {D. S. Peterson and M. Bishop and R. Pandey},
  title = 	 {{A Flexible Containment Mechanism for Executing
  Untrusted Code}},
  booktitle =	 {Proceedings of the 11th USENIX Security Symposium},
  year =	 2002,
  month =	 {August},
  pages =	 {207-225}}
}

@TECHREPORT{newIPsec,
AUTHOR="Kent, S. and Atkinson, R.",
TITLE={{Security Architecture for the Internet Protocol}},
TYPE="RFC",
INSTITUTION="IETF",
NUMBER=2401,
MONTH=nov,
YEAR=1998,
ABSTRACT="This memo specifies the base architecture for IPsec compliant
systems. The goal of the architecture is to provide various security
services for traffic at the IP layer, in both the IPv4 and IPv6
environments. This document describes the goals of such systems, their
components and how they fit together with each other and into the IP
environment. It also describes the security services offered by the
IPsec protocols, and how these services can be employed in the IP
environment.",
URL="ftp://ftp.isi.edu/in-notes/rfc2401.txt",
ENTRYBY=Sc
}

@TECHREPORT{rfc2246,
AUTHOR="Dierks, T. and Allen, C.",
TITLE="The {TLS} Protocol Version 1.0",
TYPE="RFC",
INSTITUTION="IETF",
NUMBER=2246,
MONTH=jan,
YEAR=1999,
ABSTRACT="This document specifies Version 1.0 of the Transport Layer
Security (TLS) protocol. The TLS protocol provides communications
privacy over the Internet. The protocol allows client/server
applications to communicate in a way that is designed to prevent
eavesdropping, tampering, or message forgery.",
URL="ftp://ftp.isi.edu/in-notes/rfc2246.txt",
ENTRYBY=Sc
}

@misc{ venkitachalam-virtualizing,
  author = "Ganesh Venkitachalam and Beng-Hong Lim",
  title = "Virtualizing I/O Devices on VMware Workstation's Hosted Virtual Machine
    Monitor",
  url = "citeseer.nj.nec.com/venkitachalam01virtualizing.html"
}


@inproceedings{mincut,
  author = {M. Kodialam and T.~V. Lakshman},
  title = {{Detecting Network Intrusions via Sampling: A Game
  Theoretic Approach}},
  year = 2003,
  month = {April},
  booktitle = {Proceedings of the 22nd Annual Joint Conference of IEEE
  Computer and Communication Societies (INFOCOM)}
}

@inproceedings{indra,
  author = {R. Janakiraman and M. Waldvogel and Q. Zhang},
  title = {{Indra: A peer-topeer approach to network intrusion
  detection and prevention}},
  year = 2003,
  month = {June},
  booktitle = {Proceedings of the IEEE International Workshops on
  Enabling Technologies: Infrastructure for Collaborative Enterprises
  (WETICE), Workshop on Enterprise Security}
}

@inproceedings{ whitaker02scale,
  author = "A. Whitaker and M. Shaw and S. D. Gribble",
  title = {{Scale and Performance in the Denali Isolation Kernel}},
  booktitle = {Proceedings of the Fifth Symposium on Operating Systems Design and Implementation (OSDI)},
  year = "2002",
  month = "December",
  url = {citeseer.nj.nec.com/whitaker02scale.html} }

@misc{cosak,
	title = {{The Code Security Analysis Kit (CoSAK)}},
	howpublished = {\url{http://serg.cs.drexel.edu/cosak/index.shtml/}}
}

@misc{websurvey,
	title = {{Web Server Survey}},
	howpublished = {\url{http://www.securityspace.com/s_survey/data/200304/}}}}
}

@Misc{nlarn,
  title = {{OC48 Analysis -- Trace Data Stratified by Applications}},
  howpublished = {\url{http://www.caida.org/analysis/workload/byappli\-cation/oc48/port\_analysis\_app.xml}}
}

@Article{smbdf,
  author =	{S. M. Bellovin},
  title =	{{Distributed Firewalls}},
  journal =	{{\it ;login:} magazine, special issue on security},
  month =	{November},
  year =	{1999}
}

@InProceedings{DistributedFirewall,
  author =	"S. Ioannidis and A. D. Keromytis and S. M. Bellovin and
  J. M. Smith",
  title =	{{Implementing a Distributed Firewall}},
  booktitle =	"{Proceedings of the ACM Computer and Communications Security
  (CCS) Conference}",
  year =	"2000",
  month =	"November",
  pages =	{190--199}
}

@inproceedings{binaryrewrite,
  author = {M. Prasad and T. Chiueh},
  title = {{A Binary Rewriting Defense Against Stack-based Buffer
  Overflow Attacks}},
  year = 2003,
  month = {June},
  booktitle = {Proceedings of the USENIX Annual Technical Conference},
  pages = {211--224}
}

@inproceedings{byzantinesosp2003,
  author = {J. Yin and J-P. Martin and A. Venkataramani and L. Alvisi
  and M. Dahlin},
  title = {{Separating Agreement from Execution for Byzantine Fault
  Tolerant Services}},
  year = 2003,
  month = {October},
  booktitle = {Proceedings of ACM SOSP}
}

@inproceedings{systrace,
  title = {{Improving Host Security with System Call Policies}},
  author = {Niels Provos},
  month = {August},
  year = 2003,
  booktitle = {Proceedings of the 12th USENIX Security Symposium},
  pages = {257--272}
}

@inproceedings{pointguard,
  title = {{PointGuard: Protecting Pointers From Buffer Overflow
  Vulnerabilities}},
  year = 2003,
  month = {August},
  author = {C. Cowan and S. Beattie and J. Johansen and P. Wagle},
  booktitle = {Proceedings of the 12th USENIX Security Symposium},
  pages = {91--104}
}

@inproceedings{faultcoverage,
  title = {{High Coverage Detection of Input-Related Security
  Faults}},
  author = {E. Larson and T. Austin},
  year = 2003,
  month = {August},
  pages = {121--136},
  booktitle = {Proceedings of the 12th USENIX Security Symposium}
}

@inproceedings{meca2003,
  author = {J. Yang and T. Kremenek and Y. Xie and D. Engler},
  year = 2003,
  month = {October},
  booktitle = {Proceedings of the 10th ACM Conference on Computer and
  Communications Security (CCS)},
  title = {{MECA: an Extensible, Expressive System and Language for
  Statically Checking Security Properties}},
  pages = {321--334}
}

@inproceedings{virusthrottle,
  author = {J. Twycross and M.~M. Williamson},
  title = {{Implementing and testing a virus throttle}},
  year = 2003,
  month = {August},
  booktitle = {Proceedings of the 12th USENIX Security Symposium},
  pages = {285--294}
}

@inproceedings{maliciouspatterns,
  author = {M. Christodorescu and S. Jha},
  title = {{Static Analysis of Executables to Detect Malicious
  Patterns}},
  year = 2003,
  month = {August},
  booktitle = {Proceedings of the 12th USENIX Security Symposium},
  pages = {169--186}
}

@inproceedings{privilegeescalation,
  author = {N. Provos and M. Friedl and P. Honeyman},
  title = {{Preventing Privilege Escalation}},
  year = 2003,
  month = {August},
  booktitle = {Proceedings of the 12th USENIX Security Symposium},
  pages = {231--242}
}

@inproceedings{staticSP02-1,
  author = {K. Ashcraft and D. Engler},
  title = {{Detecting Lots of Security Holes Using System-Specific
  Static Analysis}},
  year = 2002,
  month = {May},
  booktitle = {Proceedings of the IEEE Symposium on Security and
  Privacy}
}

@inproceedings{staticSP02-2,
  author = {B. Chess},
  title = {{Improving Computer Security Using Extended Static
  Checking}},
  year = 2002,
  month = {May},
  booktitle = {Proceedings of the IEEE Symposium on Security and
  Privacy}
}


@Misc{ApacheBench,
  title = {{ApacheBench: a complete benchmarking and regression testing
  	suite}},
  howpublished = {\url{http://freshmeat.net/projects/apachebench/}},
  year = 2003,
  month = {July}
}

@article{crossover,
  author = {E. Levy},
  title = {{Crossover: Online Pests Plaguing the Offline World}},
  pages = {71--73},
  volume = 1,
  number = 6,
  month = {November/December},
  year = 2003,
  journal = {IEEE Security \& Privacy}
}

@inproceedings{securebrowser,
  author = {Sotiris Ioannidis and Steven M. Bellovin},
  title = {{Building a Secure Browser}},
  booktitle = {Proceedings of the Annual USENIX Technical Conference,
  Freenix Track},
  pages = {127--134},
  month = {June},
  year = {2001}
}

@inproceedings{Ioannidis02,
title = {{Sub-Operating Systems: A New Approach to Application Security}},
author = {S. Ioannidis and S. Bellovin and J. M. Smith},
booktitle = {Proceedings 10th SIGOPS European Workshop},
pages = {108--115},
month = {September},
year = 2002
}

@inproceedings{wagnerndss2004,
  title = {{Model Cehcking One Million Lines of C Code}},
  author = {Hao Chen and Drew Dean and David Wagner},
  year = 2004,
  month = {February},
  booktitle = {Proceedings of the Network and Distributed System
  Security (NDSS) Symposium},
  pages = {171--185}
}

@inproceedings{ostia2004,
  author = {Tal Garfinkel and Ben Pfaff and Mendel Rosenblum},
  title = {{Ostia: A Delegating Architecture for Secure System Call
  Interposition}},
  year = 2004,
  month = {February},
  booktitle = {Proceedings of the Network and Distributed System
  Security (NDSS) Symposium},
  pages = {187--201}
}

@inproceedings{lamndss2004,
  title = {{A Practical Dynamic Buffer Overflow Detector}},
  author = {Olatujni Ruwase and Monica S. Lam},
  year = 2004,
  month = {February},
  booktitle = {Proceedings of the Network and Distributed System
  Security (NDSS) Symposium},
  pages = {159--169}
}

@inproceedings{algodos,
  author = {S. A. Crosby and D. S. Wallach},
  title = {{Denial of Service via Algorithmic Complexity Attacks}},
  year = 2003,
  month = {August},
  pages = {29--44},
  booktitle = {Proceedings of the 12th USENIX Security Symposium}
}

@article{wallachterm,
  title = {{Termination in Language-based Systems}},
  year = 2002,
  month = {May},
  journal = {ACM Transactions on Information and System Security},
  volume = 5,
  number = 2,
  author = {A. Rudys and D. S. Wallach}
}

@inproceedings{wallachtrans,
  author = {A. Rudys and D. S. Wallach},
  title = {{Transactional Rollback for Language-Based Systems}},
  booktitle = {ISOC Symposium on Network and Distributed Systems Security (SNDSS)},
  year = 2001,
  month = {February}
}

@inproceedings{ mosberger98httperf,
    author = "David Mosberger and Tai Jin",
    title = "httperf: A Tool for Measuring Web Server Performance",
    booktitle = "First Workshop on Internet Server Performance",
    pages = "59---67",
    month = "June ",
    year = "1998",
    publisher = "ACM",
    where = "Madison, WI",
    url = "citeseer.ist.psu.edu/mosberger98httperf.html",
    url = "citeseer.nj.nec.com/mosberger98httperf.html"
}

@inproceedings{ castro02secure,
  author = {M. Castro and P. Drushel and A. Ganesh and A. Rowstron and D. Wallach},
  title = "Secure routing for structured peer-to-peer overlay networks",
  booktitle = {Proceedings of OSDI},
  year = "2002",
  url = "citeseer.ist.psu.edu/castro02secure.html"
}

@article{agrawal91,
 author = {D. Agrawal and A. Malpani},
 title = {Efficient dissemination of information in computer networks},
 journal = {Comput. J.},
 volume = {34},
 number = {6},
 year = {1991},
 issn = {0010-4620},
 pages = {534--541},
 publisher = {Oxford University Press},
 }

@inproceedings{newkeynote,
  author = {M. Blaze and J. Ioannidis and A. D. Keromytis},
  title = {{Experience with the KeyNote Trust Management System:
  Applications and Future Directions}},
  year = 2003,
  month = {May},
  pages = {284--300},
  booktitle = {Proceedings of the $1^{st}$ International Conference on
  Trust Management}
}

@inproceedings{recsandboxes,
  author = {Aleksey Kurchuk and Angelos D. Keromytis},
  title = {{Recursive Sandboxes: Extending Systrace To Empower
  Applications}},
  year = 2004,
  month = {August},
  booktitle = {Proceedings of the $19^{th}$ IFIP International Information
  Security Conference (SEC)},
  pages = {473--487}
}

@inproceedings{abadi2005cfi,
  title = {{Control-flow integrity: principles, implementations, and applications}},
  author = "Martin Abadi and Mihai Budiu and Ulfar Erlingsson and Jay Ligatti",
  booktitle = "Proceedings of the ACM Conference on Computer and Communications Security (CCS)",
  year = "2005",
  month = "September"
}

@article{ieeestrongman,
  author = {A.~D. Keromytis and J.~M. Smith},
  title = {{Requirements for Scalable Access Control and Security
  Management Architectures}},
  journal = {ACM Transactions on Internet Technology (ToIT)},
  note = "(To appear)",
  year = 2006
}

@inproceedings{discfs,
  author = {S. Miltchev and V. Prevelakis and S. Ioannidis and
  J. Ioannidis and A. D. Keromytis and J. M. Smith},
  title = {{Secure and Flexible Global File Sharing}},
  year = 2003,
  month = {June},
  pages = {165--178},
  booktitle = {Proceedings of the USENIX Annual Technical Conference,
  Freenix Track}
}

@inproceedings{webdava,
  author = {A. Levine and V. Prevelakis and J. Ioannidis and
  S. Ioannidis and A. D. Keromytis},
  title = {{WebDAVA: An Administrator-Free Approach to Web
  File-Sharing}},
  year = 2003,
  month = {June},
  pages = {59--64},
  booktitle = {Proceedings of the IEEE International Workshops on
  Enabling Technologies: Infrastructure for Collaborative Enterprises
  (WETICE), Workshop on Distributed and Mobile Collaboration}
}

@inproceedings{strongman,
  author = {A. D. Keromytis and S. Ioannidis and M. B. Greenwald and
  J. M. Smith},
  title = {{The STRONGMAN Architecture}},
  year = 2003,
  month = {April},
  booktitle = {Proceedings of the $3^{rd}$ DARPA Information Survivability
  Conference and Exposition (DISCEX III)},
  pages = {178--188}
}

@phdthesis{adkthesis,
   author = {A. D. Keromytis},
   title = {STRONGMAN: A Scalable Solution To Trust Management In Networks},
   year = 2001,
   month = {November},
   school = {University of Pennsylvania, Philadelphia}
}

@inproceedings{icon03tls,
  author = {M. Burnside and A. D. Keromytis},
  title = {{Accelerating Application-Level Security Protocols}},
  year = 2003,
  month = {September/October},
  booktitle = {Proceedings of the 11th IEEE International Conference
  on Network (ICON)},
  pages = {313--318}
}

@inproceedings{mbuftags,
  author = {A. D. Keromytis},
  title = {{Tagging Data In The Network Stack: mbuf\_tags}},
  year = 2003,
  month = {September},
  booktitle = {Proceedings of the USENIX BSD Conference (BSDCon)},
  pages = {125--131}
}

@inproceedings{ocf,
  author = {A. D. Keromytis and J. L. Wright and T. de Raadt},
  title = {{The Design of the OpenBSD Cryptographic Framework}},
  year = 2003,
  month = {June},
  pages = {181--196},
  booktitle = {Proceedings of the USENIX Annual Technical Conference}
}

@InProceedings{openbsd,
  title = 	{{Cryptography in OpenBSD: An Overview}},
  author =	{T. de Raadt and N. Hallqvist and A. Grabowski and A. D. Keromytis and N. Provos},
  year =	1999,
  month =	{June},
  booktitle =	{Proceedings of the 1999 USENIX Annual Technical Conference, Freenix Track},
  pages =	{93 -- 101}
}

@inproceedings{isc2005,
  author = {S. Sidiroglou and G. Giovanidis and A.~D. Keromytis},
  title = {{A Dynamic Mechanism for Receovering from Buffer Overflow
  Attacks}},
  year = 2005,
  month = {September},
  booktitle = {Proceedings of the $8^{th}$ Information Security
  Conference (ISC)},
  pages = {1--15}
}

@article{websosjcn,
  author = {A. Stavrou and D.~L. Cook and W.~G. Morein and
  A.~D. Keromytis and V. Misra and D. Rubenstein},
  title = {{WebSOS: An Overlay-based System For Protecting Web Servers
  From Denial of Service Attacks}},
  year = 2005,
  month = {August},
  journal = {Elsevier Journal of Computer Networks, special issue on
  Web and Network Security},
  pages = {781--807},
  volume = 48,
  number = 5
}

@inproceedings{websos-ccs,
  author = {W. G. Morein and A. Stavrou and D. L. Cook and
  A. D. Keromytis and V. Misra and D. Rubenstein},
  title = {{Using Graphic Turing Tests to Counter Automated DDoS
  Attacks Against Web Servers}},
  year = 2003,
  month = {October},
  pages = {8--19},
  booktitle = {Proceedings of the 10th ACM International Conference on
  Computer and Communications Security (CCS)}
}

@inproceedings{websos,
  author = {D. L. Cook and W. G. Morein and A. D. Keromytis and
  V. Misra and D. Rubenstein},
  title = {{WebSOS: Protecting Web Servers From DDoS Attacks}},
  year = 2003,
  pages = {455--460},
  month = {September},
  booktitle = {Proceedings of the $11^{th}$ IEEE International Conference
  on Networks (ICON)}
}

@InProceedings{ikepaper,
  author =       "N. Hallqvist and A.~D. Keromytis",
  title =        {{Implementing Internet Key Exchange (IKE)}},
  booktitle =    "{Proceedings of the Annual USENIX Technical Conference, Freenix Track}",
  year =         "2000",
  month =        "June",
  pages =	{201--214},
  OPTpages =     "",
  OPTnumber =    "",
  OPTmonth =     "",
  OPTnote =      "",
  OPTannote =    ""
}

@inproceedings{sosmove2005,
  author = {A. Stavrou and A. D. Keromytis and J. Nieh and V. Misra
  and D. Rubenstein},
  title = {{MOVE: An End-to-End Solution To Network Denial of Service}},
  year = 2005,
  month = {February},
  booktitle = {Proceedings of the ISOC Symposium on Network and
  Distributed System Security (SNDSS)},
  pages = {81--96}
}

@inproceedings{NeXSh,
title = "{e-NeXSh: Achieving an Effectively Non-Executable Stack and Heap via System-Call Policing}",
author = "Gaurav S. Kc and Angelos D. Keromytis",
booktitle = "Annual Computer Security Applications Conference",
month = "December", year = "2005", pages = "259--273"}

@inproceedings{spreadspectrum,
  author = {A. Stavrou and A.~D. Keromytis},
  title = {{Countering DoS Attacks With Stateless Multipath
  Overlays}},
  year = 2005,
  month = {November},
  booktitle = {Proceedings of the $12^{th}$ ACM Conference on Computer
  and Communications Security (CCS)},
  pages = {249--259}
}

@inproceedings{easyvpn,
  author = {M. C. Benvenuto and A. D. Keromytis},
  title = {{EasyVPN: IPsec Remote Access Made Easy}},
  year = 2003,
  month = {October},
  booktitle = {Proceedings of the $17^{th}$ USENIX Systems Administration
  Conference (LISA)},
  pages = {87--93}
}

@inproceedings{vps,
  author = {S. Ioannidis and S. M. Bellovin and I. Ioannidis and
  A. D. Keromytis and J. M. Smith},
  title = {{Design and Implementation of Virtual Private Services}},
  year = 2003,
  month = {June},
  pages = {269--275},
  booktitle = {Proceedings of the IEEE International Workshops on
  Enabling Technologies: Infrastructure for Collaborative Enterprises
  (WETICE), Workshop on Enterprise Security, Special Session on Trust
  Management in Collaborative Global Computing}
}

@inproceedings{RAD,
author = {F. Apap and A. Honig and S. Hershkop and E. Eskin and S.~J. Stolfo},
title = {{Detecting Malicious Software by Monitoring Anomalous Windows Registry Accesses}},
booktitle= {Proceedings of the $5^{th}$ International Symposium on Recent Advances in Intrusion Detection (RAID)},
month= {October},
year = 2002
}

@inproceedings{zstrings,
  author = {K. Wang and S. J. Stolfo},
  title = {{Anomalous Payload-based Network Intrusion Detection}},
  year = 2004,
  month = {September},
  pages = {201--222},
  booktitle = {Proceedings of the $7^{th}$ International Symposium on
  Recent Advanced in Intrusion Detection (RAID)}
}

@misc{valgrind,
     title = {{Valgrind, an open-source memory debugger for x86-linux}},
     author = {J. Seward and N. Nethercote},
     howpublished = {\url{http://developer.kde.org/~sewardj/}}
}

@inproceedings{hotdep05,
	title = {{Application Communities: Using Monoculture for Dependability}},
	author = {M. Locasto and S. Sidiroglou and A. D. Keromytis},
	booktitle = {Proceedings of the $1^{st}$ Workshop on Hot
	Topics in System Dependability (HotDep)},
	month = {June},
	year = 2005,
	pages = {288--292}
}

@book{honeypots,
  author = {L. Spitzner},
  title = {{Honeypots: Tracking Hackers}},
  year = 2003,
  publisher = {Addison-Wesley},
  isbn = {0-321-10895-7}
}

@inproceedings{anagnostakis2005shadow,
  title = {{Detecting Targetted Attacks Using Shadow Honeypots}},
  year = 2005,
  month = {August},
  booktitle = {Proceedings of the $14^{th}$ USENIX Security
  Symposium},
  pages = {129--144},
  author = {K. Anagnostakis and S. Sidiroglou and P. Akritidis and
  K. Xinidis and E. Markatos and A.~D. Keromytis}
}

@inproceedings{locasto2005flips,
  author = {M. Locasto and K. Wang and A. Keromytis and S. Stolfo},
  title = {{FLIPS: Hybrid Adaptive Intrusion Prevention}},
  year = 2005,
  pages = {82--101},
  booktitle = {Proceedings of the $8^{th}$ Symposium on Recent Advances in
  Intrusion Detection (RAID)},
  month = {September}
}

@InProceedings{Liblit:2003:BIRPS,
  author =	 {Ben Liblit and Alex Aiken and Alice X. Zheng and
                  Michael I. Jordan},
  title =	 {Bug Isolation via Remote Program Sampling},
  crossref =	 {PLDI03},
  source =
                  {\url{http://www.cs.wisc.edu/~liblit/bug-isolation/bug-isolation.bib}}
}

@Proceedings{PLDI03,
  title =	 {Proceedings of the ACM SIGPLAN 2003 Conference on
                  Programming Language Design and Implementation},
  booktitle =	 {Proceedings of the ACM SIGPLAN 2003 Conference on
                  Programming Language Design and Implementation},
  year =	 2003,
  address =	 {San Diego, California},
  month =	 jun # { 9--11},
  key =		 {ACM},
  c-organization ={ACM},
}


@InProceedings{Liblit:2005:SSBI,
  author =	 {Ben Liblit and Mayur Naik and Alice X. Zheng and
                  Alex Aiken and Michael I. Jordan},
  title =	 {Scalable Statistical Bug Isolation},
  crossref =	 {PLDI05},
  source =
                  {\url{http://www.cs.wisc.edu/~liblit/pldi-2005/pldi-2005.bib}}
}

@inproceedings{PLDI05,
  title =	 {Proceedings of the ACM SIGPLAN 2005 Conference on
                  Programming Language Design and Implementation},
  booktitle =	 {Proceedings of the ACM SIGPLAN 2005 Conference on
                  Programming Language Design and Implementation},
  year =	 2005,
  address =	 {Chicago, Illinois},
  month =	 {June},
  key =		 {ACM},
  c-organization ={ACM},
}

@inproceedings{infoflow2009,
  title = {{Capturing Information Flow with Concatenated Dynamic Taint
  Analysis}},
  author = {H.~C. Kim and A.~D. Keromytis and M. Covington and
  R. Sahita},
  booktitle = {Proceedings of the $4^{th}$ International Conference on
  Availability, Reliability and Security (ARES)},
  pages = {355--362},
  month = {March},
  year = 2009
}

@article{general-isr,
  title = {{On The General Applicability of Instruction-Set Randomization}},
  author = {S.~W. Boyd and G.~S. Kc and M.~E. Locasto and A.~D. Keromytis
		and V. Prevelakis},
  journal = {IEEE Transactions on Dependable and Secure Computing (TDSC)},
  year = 2010,
  notes = {(to appear)}
}

@inproceedings{minebugs2009,
 author = {Xu, Wei and Huang, Ling and Fox, Armando and Patterson, David and Jordan, Michael I.},
 title = {Detecting large-scale system problems by mining console logs},
 booktitle = {Proceedings of the ACM SIGOPS $22^{nd}$ Symposium on
 Operating Systems Principles (SOSP)},
 year = {2009},
 isbn = {978-1-60558-752-3},
 pages = {117--132},
 location = {Big Sky, Montana, USA},
 doi = {http://doi.acm.org/10.1145/1629575.1629587},
 publisher = {ACM},
 address = {New York, NY, USA},
 }

@inproceedings{strata:vee06,
author = {Hu, Wei and Hiser, Jason and Williams, Dan and Filipi, Adrian and Davidson, Jack W. and Evans, David and Knight, John C. and Nguyen Tuong, Anh and Rowanhill, Jonathan},
title = {Secure and practical defense against code-injection attacks using software dynamic translation},
booktitle = {Proceedings of the $2^{nd}$ International Conference on Virtual Execution Environments (VEE)},
year = {2006},
month = {June},
pages = {2--12},
}

@article{fmtstringexploitation:phrack02,
author = {{gera and riq}},
title = {Advances in format string exploitation},
journal = {Phrack Magazine},
year = {2002},
month = {July},
volume = {11},
number = {59},
}

@inproceedings{bo_comparison:ndss03,
author = {John Wilander and Mariam Kamkar},
title = {A Comparison of Publicly Available Tools for Dynamic Buffer Overflow 	
	Prevention},
booktitle = {Proceedings of the Network and Distributed System Security
	Symposium (NDSS)},
year = {2003}
}

@inproceedings{klee:osdi08,
  author    = {Cristian Cadar and
               Daniel Dunbar and
               Dawson R. Engler},
  title     = {{KLEE}: Unassisted and Automatic Generation of High-Coverage
               Tests for Complex Systems Programs},
  booktitle = {Proceedings of the $8^{th}$ Symposium on Operating
  		Systems Design and Implementation (OSDI)},
  year      = {2008},
  pages     = {209-224},
}


@techreport{vulcan:msr01,
author = {Andrew Edwards and Amitabh Srivastava and Hoi Vo},
title = {Vulcan: Binary transformation in a distributed environment},
institution = {Microsoft Research},
month = {April},
year = {2001},
number = {MSR-TR-2001-50}
}

@inproceedings{dyboc:isc03,
    author = {Stelios Sidiroglou and Giannis Giovanidis and Angelos D. Keromytis},
    title = {A Dynamic Mechanism for Recovering from Buffer Overflow Attacks},
    booktitle = {Proceedings of the $8^{th}$ Information Security Conference
    	(ISC)},
    year = {2005},
    pages = {1--15}
}

@article{jif:tosem00,
author = {Myers, Andrew C. and Liskov, Barbara},
title = {Protecting Privacy using the Decentralized Label
			Model},
journal = {ACM Transactions on Software Engineering and
			Methodology (TOSEM)},
volume = {9},
number = {4},
year = {2000},
pages = {410--442}
}

@inproceedings{jflow:popl99,
	author = {Myers, Andrew C.},
	title = {{JFlow}: Practical Mostly-Static Information Flow
			Control},
	booktitle = {Proceedings of the $26^{th}$ ACM Symposium on
			Principles of Programming Languages (POPL)},
	year = {1999},
	pages = {228--241}
}


@article{trishul:notes08,
	author = {Nair, Srijith K. and Simpson, Patrick N. D. and
			Crispo, Bruno and Tanenbaum, Andrew S.},
	title = {A Virtual Machine Based Information Flow Control
			System for Policy Enforcement},
	journal = {Electronic Notes in Theoretical Computer Science
			(ENTCS)},
	volume = {197},
	number = {1},
	year = {2008},
	pages = {3--16}
}

@inproceedings{histar:osdi06,
	author = {Zeldovich, Nickolai and Boyd-Wickizer, Silas and
			Kohler, Eddie and Mazi\`{e}res, David},
	title = {Making Information Flow Explicit in {HiStar}},
	booktitle = {Proceedings of the $7^{th}$ Symposium on Operating
			Systems Design and Implementation (OSDI)},
	year = {2006},
	pages = {263--278}
}
