@inproceedings{Etch,
 author = {Ted Romer et al},
 title = {Instrumentation and Optimization of Win32/Intel Executables Using {Etch}},
 month = {August},
 year = {1997},
 publisher = {USENIX Windows NT Workshop }
 }

@manual(Squeeze,
Title="{Squeeze Project Webpage}",
note={\url{http://www.cs.arizona.edu/projects/squeeze/}})

@article{Squeeze-plus-plus,
author= {De Sutter, Bjorn and  De Bus, Bruno and  De Bosschere, Koen},
title= {Link-time binary rewriting techniques for program compaction},
journal= {ACM Transactions on Programming Languages and Systems (TOPLAS)},
year= {2005},
month= {September},
volume= {27},
number= {5},
pages= {882-945},
publisher= {ACM Press},
address= {New York, NY, USA},
}

@inproceedings{dyninst94,
 author = {Jeffrey K. Hollingsworth and Barton P. Miller and Jon Cargille},
 title = {Dynamic Program Instrumentation for Scalable Performance Tools},
 month = {May},
 year = {1994},
 publisher = {Scalable High Performance Computing Conference}
 }

@manual(dynman,
Title="{DynInst Programmer's manual}",
note={\url{ftp://ftp.cs.wisc.edu/paradyn/releases/release5.1/doc/dyninstProgGuide.v51.pdf}})
