
@manual(objdump07,
 title = {Objdump},
 organization = {Free Software Foundation},
 note = {\url{http://sourceware.org/binutils/docs-2.17/binutils/index.html}},
 year = {2007},
 address = {Boston, MA, USA},
)

@manual(ida07,
 title = {IDA Pro Disassembler},
 organization = {DataRescue},
 note = {\url{http://www.datarescue.com/idabase/}},
 year = {2007},
 address = {Belgium},
)


@inproceedings{schwarz02,
 author = {Benjamin Schwarz and Saumya Debray and Gregory Andrews},
 title = {Disassembly of Executable Code Revisited},
 booktitle = {Proceedings of the 9th Working Conference on Reverse Engineering},
 year = {2002},
 isbn = {0-8186-3810-9},
 pages = {45--54},
 location = {Richmond, Virginia, USA},
 publisher = {IEEE CS Press},
 }

 @article{cifuentes00,
  author = {C. Cifuentes and M. Van Emmerick},
  title = {UQBT: Adaptable binary translation at low cost.},
  journal = {IEEE Computer},
  volume = {33},
  number = {3},
  month = {March},
  year = {2000},
  issn = {0018-9162},
  pages = {60--66},
  publisher = {IEEE Computer Society},
 }

@inproceedings{desutter00,
author= {De Sutter, B. and  De Bus, B. and  De Bosschere, K. and  Keyngnaert, P. and  Demoen, B.},
title= {On the Static Analysis of Indirect Control Transfers in Binaries},
booktitle= {Proceedings of the International Conference on Parallel and Distributed Processing Techniques and Applications},
year= {2000},
month= {6},
volume= {2},
pages= {1013-1019},
editor= {Arabnia, H.R.},
publisher= {CSREA Press},
address= {Las Vegas},
}

@inproceedings{bird06,
 author = {Susanta Nanda and Wei Li and Lap-Chung Lam and Tzi{-}cker Chiueh},
 title = {BIRD: Binary Interpretation using Runtime Disassembly},
 booktitle = {CGO '06: Proceedings of the International Symposium on Code
Generation and Optimization},
 year = {2006},
 isbn = {0-7695-2499-0},
 pages = {358--370},
 doi = {http://dx.doi.org/10.1109/CGO.2006.6},
 publisher = {IEEE Computer Society},
 address = {Washington, DC, USA},
 }
