@article{Muth,
 author = { Robert Muth and Saumya K. Debray and Scott A. Watterson and Koenraad De Bosschere},
 title = {ALTO: A Link-time Optimizer for the Compaq Alpha},
 journal = {Software - Practice and Experience },
 volume = {31},
 number = {1},
 year = {2001},
 pages = {67--101},
 }

@inproceedings{Schwarz,
 author = {Benjamin Schwarz and Saumya Debray and Gregory Andrews},
 title = {PLTO: A Link-Time Optimizer for the Intel IA-32 Architecture},
 booktitle = {Proc. 2001 Workshop on Binary Translation (WBT-2001)},
 year = {2001},
 month = {Sept.},
 }

@article{Fernandez,
 author = {Manel Fernandez and Roger Espasa and Saumya K. Debray},
 title = {Load redundancy elimination on executable code},
 journal = {Concurrency and Computation: Practice and Experience },
 volume = {15},
 number = {10},
 year = {2003},
 pages = {979--997 },
 }

@article{Wu,
 author = {Youfeng Wu and James R. Larus },
 title = {Static Branch Frequency and Program Profile Analysis},
 journal = {Proceedings of the 27th annual international symposium on Microarchitecture},
 year = {1994},
 pages = {1--11},
 }

@article{Ramamoorthy,
 author = {C.V. Ramamoorthy},
 title = {Discrete Markov Analysis of Computer Programs},
 journal = {ACM Proceedings 20th National Conference},
 year = {1965},
 pages = {386--391},
 }

@article{Graham,
 author = {Susan L. Graham and Peter B. Kessler and Marshall K. McKusick},
 title = {gprof: a call graph execution profiler},
 journal = {SIGPLAN Symposium on Compiler Construction},
 year = {1982},
 }
