@inproceedings{jacob:asplos:1998,
 author = {Bruce L. Jacob and Trevor N. Mudge},
 title = {A Look at Several Memory Management Units, {TLB}-Refill Mechanisms, and Page Table Organizations},
 booktitle = {Proceedings of the Eighth International Conference on Architectural Support for Programming Languages and Operating Systems},
 year = {1998},
 isbn = {1-58113-107-0},
 pages = {295--306},
 location = {San Jose, California, United States},
 publisher = {ACM Press},
 }

@article{uhlig:tocs:1994,
 author = {Richard Uhlig and David Nagle and Tim Stanley and Trevor Mudge and Stuart Sechrest and Richard Brown},
 title = {Design Tradeoffs for Software-Managed {TLB}s},
 journal = {Transactions on Computer Systems (TOCS)},
 volume = {12},
 number = {3},
 year = {1994},
 issn = {0734-2071},
 pages = {175--205},
 publisher = {ACM Press},
 }

@inproceedings{nagle:isca:1993,
 author = {David Nagle and Richard Uhlig and Tim Stanley and Stuart Sechrest and Trevor Mudge and Richard Brown},
 title = {Design Tradeoffs for Software-Managed {TLB}s},
 booktitle = {Proceedings of the 20th International Symposium on Computer Architecture (ISCA)},
 year = {1993},
 isbn = {0-8186-3810-9},
 pages = {27--38},
 location = {San Diego, California, USA},
 publisher = {ACM Press},
 }

@article{jacob:toc:2001,
 author = {Bruce L. Jacob and Trevor N. Mudge},
 title = {Uniprocessor Virtual Memory Without {TLB}s},
 journal = {IEEE Transactions on Computers},
 volume = {50},
 number = {5},
 year = {2001},
 month = {May},
 pages = {482--499},
 }

@inproceedings{jacob:hpac:1997,
 author = {Bruce L. Jacob and Trevor N. Mudge},
 title = {Software-Managed Address Translation},
 booktitle = {Proceedings of the Third International Symposium on High Performance Computer Architecture},
 year = {1997},
 pages = {156--157},
 location = {San Antonio, Texas, United States},
 }

@inproceedings{park:emsoft:2004,
 author = {Chanik Park and Junghee Lim and Kiwon Kwon and Jaejin Lee and Sang Lyul Min},
 title = {Compiler-Assisted Demand Paging for Embedded Systems with Flash Memory},
 booktitle = {Proceedings of the Fourth International Conference on Embedded Software},
 year = {2004},
 isbn = {1-58113-860-1},
 pages = {114--124},
 location = {Pisa, Italy},
 publisher = {ACM Press},
 }

@inproceedings{park:islped:2004,
 author = {Chanik Park and Jeong-Uk Kang and Seon-Yeong Park and Jin-Soo Kim},
 title = {Energy-Aware Demand Paging on {NAND} Flash-Based Embedded Storages},
 booktitle = {Proceedings of the International Symposium on Low Power Electronics and Design},
 year = {2004},
 isbn = {1-58113-929-2},
 pages = {338--343},
 location = {Newport Beach, California, USA},
 publisher = {ACM Press},
 }

@book{m68k,
 author = {Motorola},
 title = {M68000 8-/16-32-Bit Microprocessors User's Manual},
 publisher = {Prentice Hall},
 edition = {Eigth},
 month = {June},
 year = {1991},
 address = {Englewood Cliffs, New Jersey, USA},
 }

@manual{i960,
 title = {Intel 80960SA/B 32-bit Microprocessor Data Sheets},
 organization = {Intel Corporation},
 edition = {Third},
 note = {Intel Order Nos. 272206-003 and 272207-003},
 }

@manual{arm7tdmi-s,
 title = {ARM7TDMI-S Technical Reference Manual},
 organization = {ARM Ltd.},
 note = {Document No. ARM DDI0234A},
 edition = {Fourth},
 month = {September},
 year = {2001},
 }

@manual{arm7tdmi,
 title = {ARM7TDMI Technical Reference Manual},
 organization = {ARM Ltd.},
 note = {Document No. ARM DDI0210B},
 edition = {Fourth},
 month = {May},
 year = {2003},
 }

@manual{arm966e-s,
 title = {ARM966E-S Technical Reference Manual},
 organization = {ARM Ltd.},
 note = {Document No. ARM DDI0213C},
 edition = {Second},
 month = {February},
 year = {2002},
 }

@manual{timsp430,
 title = {MSP430 Ultra-Low-Power MCUs},
 organization = {Texas Instruments},
 note={\url{http://focus.ti.com/lit/ml/slab034g/slab034g.pdf}},
 year = {2004}
 }

@manual{8051,
 title = {Atmel Microcontrollers based on 8051 Architecture},
 organization = {Atmel},
 note = {\url{http://www.atmel.com/products/8051}},
 }

@manual{blackfin,
 title = {Blackfin ADSP-BF531/2/3},
 organization = {Analog Devices Inc.},
 note = {\url{http://www.analog.com/UploadedFiles/Data_Sheets/844702721ADSP_BF531_2_3_0.pdf}},
 }

@manual{microblaze,
 title = {MicroBlaze RISC 32-Bit Soft Processor},
 organization = {Xilinx},
 month = {August},
 year = {2002},
 note = {\url{http://www.xilinx.com/ipcenter/catalog/logicore/docs/microblaze_risc_32bit_proc_final.pdf}},
 }

@manual{nec750,
 title = {NEC 750 Family of Microcontrollers},
 organization = {NEC Electronics Corporation},
 edition = {Third},
 month = {January},
 year = {2004},
 note = {Document No. U15412EJ3V0PF00},
 }

@inproceedings{krapf:icsd:2002,
 author =  {Rafael C. Krapf and JúC. B. Mattos and Gustavo Spellmeier and Luigi Carro},
 title = {A Study on a Garbage Collector for Embedded Applications},
 booktitle = {15th Symposium on Integrated Circuits and Systems Design},
 pages = {127--134},
 location = {Porto Alegre, Brazil},
 year   = {2002},
 }

@inproceedings{chen:hpca:2002,
 author = {G. Chen and R. Shetty and M. Kandemir and N. Vijaykrishnan and M.J. Irwin},
 title = {Tuning Garbage Collection in an Embedded {J}ava Environment},
 booktitle = {Eighth International Symposium on High-Performance Computer Architecture},
 pages = {92--106},
 location = {Boston, Massachusettes, USA},
 year   = {2002},
 }

@article{chen:tecs:2002,
 author = {G. Chen and R. Shetty and M. Kandemir and N. Vijaykrishnan and M. J. Irwin and M. Wolczko},
 title = {Tuning Garbage Collection for Reducing Memory System Energy in an Embedded {J}ava Environment},
 journal = {Transactions on Embedded Computing Systems},
 volume = {1},
 number = {1},
 year = {2002},
 issn = {1539-9087},
 pages = {27--55},
 publisher = {ACM Press},
 }

@inproceedings{lo:iwsoc:2003,
 author = {C.D. Lo},
 title = {The Design of a Self-Maintained Memory Module for Real-Time Systems},
 booktitle = {The 3rd IEEE International Workshop on System-on-Chip for Real-Time Applications},
 pages = {337--342},
 address = "{Calgary, Alberta, Canada}",
 year   = {2003}
 }

@misc{durrant:www:2000,
 author = {Michael Durrant},
 title = {Running {L}inux on Low Cost, Low Power {MMU}-Less Processors},
 month = {August},
 year = {2000},
 note = {\url{http://www.linuxdevices.com/articles/AT6245686197.html}},
 }

@article{neville-neil:acmq:2003,
 author = {George V. Neville-Neil},
 title = {Programming Without A Net},
 journal = {ACM Queue: Tomorrow's Computing Today},
 volume = {1},
 number = {2},
 pages = {16--23},
 publisher = {ACM Press},
 month = {April},
 year = {2003},
 }

@inproceedings{behren:sosp:2003,
 author = {Rob von Behren and Jeremy Condit and Feng Zhou and George C. Necula and Eric Brewer},
 title = {Capriccio: Scalable Threads for Internet Services},
 booktitle = {Proceedings of the Nineteenth ACM Symposium on Operating Systems Principles},
 year = {2003},
 isbn = {1-58113-757-5},
 pages = {268--281},
 location = {Bolton Landing, New York, USA},
 publisher = {ACM Press},
 }

@inproceedings{regehr:emsoft:2003,
 author = {John Regehr and Alastair Reid and Kirk Webb},
 title = {Eliminating Stack Overflow by Abstract Interpretation},
 booktitle = {Proceedings of the 3rd International Conference on Embedded Software},
 year = {2003},
 pages = {306--322},
 location = {Philadelphia, Pennsylvania, USA},
 publisher = {Springer-Verlag},
 }

@techreport{brylow:purdue:2000,
 author = {D. Brylow and N. Damgaard and J. Palsberg},
 title = {Stack-size Estimation for Interrupt-driven Microcontrollers},
 institution = {Purdue University},
 year = {2000},
 month = {June},
 note = {\url{http://www.brics.dk/~damgaard/Download/zilog-test.pdf}},
 }

@techreport{simpson:umd:2005,
 author = {Matthew Simpson and Rajeev Barua},
 title = {Run-Time Checks for Memory Safety},
 institution = {University of Maryland, College Park},
 year = {2005},
 note = {\url{http://www.ece.umd.edu/~barua/simpson-safety-tr.pdf}},
 }

@inproceedings{grunwald:asplos:1996,
 author = {Dirk Grunwald and Richard Neves},
 title = {Whole-program Optimization for Time and Space Efficient Threads},
 booktitle = {Proceedings of the Seventh International Conference on Architectural Support for Programming Languages and Operating Systems},
 year = {1996},
 isbn = {0-89791-767-7},
 pages = {50--59},
 location = {Cambridge, Massachusetts, USA},
 publisher = {ACM Press},
 }

@inproceedings{biswas:cases:2004,
 author = {Surupa Biswas and Matthew Simpson and Rajeev Barua},
 title = {Memory Overflow Protection for Embedded Systems Using Run-Time Checks, Reuse and Compression},
 booktitle = {Proceedings of the International Conference on Compilers, Architecture, and Synthesis for Embedded Systems (CASES)},
 year = {2004},
 pages = {280--291},
 }

@inproceedings{simpson:cases:2005,
 author = {Matthew Simpson and Bhuvan Middha and Rajeev Barua},
 title = {Segment Protection for Embedded Systems Using Run-Time Checks},
 booktitle = {Proceedings of the International Conference on Compilers, Architecture, and Synthesis for Embedded Systems (CASES)},
 year = {2005},
 pages = {66--77},
 location = {San Francisco, California, USA},
 publisher = {ACM Press},
 }

@article{rabbah:tecs:2003,
 author = {Rodric M. Rabbah and Krishna V. Palem},
 title = {Data Remapping for Design Space Optimization of Embedded Memory Systems},
 journal = {Transactions on Embedded Computing Systems},
 volume = {2},
 number = {2},
 year = {2003},
 issn = {1539-9087},
 pages = {186--218},
 publisher = {ACM Press},
 }

@inproceedings{bacon:emsoft:2004,
 author = {David F. Bacon and Perry Cheng and David Grove},
 title = {Garbage Collection for Embedded Systems},
 booktitle = {Proceedings of the Fourth ACM International conference on Embedded Software},
 year = {2004},
 isbn = {1-58113-860-1},
 pages = {125--136},
 location = {Pisa, Italy},
 publisher = {ACM Press},
 }

@article{panda:todaes:2001,
 author = {P. R. Panda and F. Catthoor and N. D. Dutt and K. Danckaert and E. Brockmeyer and C. Kulkarni and A. Vandercappelle and P. G. Kjeldsberg},
 title = {Data and Memory Optimization Techniques for Embedded Systems},
 journal = {Transactions on Design Automation Electronic Systems},
 volume = {6},
 number = {2},
 year = {2001},
 issn = {1084-4309},
 pages = {149--206},
 publisher = {ACM Press},
 }

@inproceedings{persson:lctes:1999,
 author = {Patrik Persson},
 title = {Live Memory Analysis for Garbage Collection in Embedded Systems},
 booktitle = {Proceedings of the ACM SIGPLAN Workshop on Languages, Compilers, and Tools for Embedded Systems},
 year = {1999},
 isbn = {1-58113-136-4},
 pages = {45--54},
 location = {Atlanta, Georgia, USA},
 publisher = {ACM Press},
 }

@inproceedings{kandemir:cases:2004,
 author = {M. Kandemir and O. Ozturk and M. Karakoy},
 title = {Dynamic On-Chip Memory Management for Chip Multiprocessors},
 booktitle = {Proceedings of the International Conference on Compilers, Architecture, and Synthesis for Embedded Systems},
 year = {2004},
 isbn = {1-58113-890-3},
 pages = {14--23},
 location = {Washington DC, USA},
 publisher = {ACM Press},
 }

@inproceedings{chen:oopsla:2003,
 author = {G. Chen and M. Kandemir and N. Vijaykrishnan and M. J. Irwin and B. Mathiske and M. Wolczko},
 title = {Heap Compression for Memory-Constrained {J}ava Environments},
 booktitle = {Proceedings of the 18th Annual Conference on Object-Oriented Programing, Systems, Languages, and Applications},
 year = {2003},
 isbn = {1-58113-712-5},
 pages = {282--301},
 location = {Anaheim, California, USA},
 publisher = {ACM Press},
 }

@inproceedings{chen:codes:2002,
 author = {G. Chen and M. Kandemir and N. Vijaykrishnan and M. J. Irwin and W. Wolf},
 title = {Energy Savings Through Compression in Embedded {J}ava Environments},
 booktitle = {Proceedings of the Tenth International Symposium on Hardware/Software Codesign},
 year = {2002},
 isbn = {1-58113-542-4},
 pages = {163--168},
 location = {Estes Park, Colorado, USA},
 publisher = {ACM Press},
 }

@inproceedings{zhou:asplos:2004,
 author = {Pin Zhou and Vivek Pandey and Jagadeesan Sundaresan and Anand Raghuraman and Yuanyuan Zhou and Sanjeev Kumar},
 title = {Dynamic Tracking of Page Miss Ratio Curve for Memory Management},
 booktitle = {Proceedings of the 11th International Conference on Architectural Support for Programming Languages and Operating Systems},
 year = {2004},
 isbn = {1-58113-804-0},
 pages = {177--188},
 location = {Boston, Massachusettes, USA},
 publisher = {ACM Press},
 }

@inproceedings{kowshik:cases:2002,
 author = {Sumant Kowshik and Dinakar Dhurjati and Vikram Adve},
 title = {Ensuring Code Safety Without Runtime Checks for Real-Time Control Systems},
 booktitle = {Proceedings of the International Conference on Compilers, Architecture, and Synthesis for Embedded Systems (CASES)},
 year = {2002},
 pages = {288--297},
 publisher = {ACM Press},
 }

@inproceedings{degalahal:vlsid:2003,
 author = {V. Degalahal and N. Vijaykrishnan and M. J. Irwin},
 title = {Analyzing Soft Errors in Leakage Optimized SRAM Design},
 booktitle = {Proceedings of the 16th International Conference on VLSI Design},
 year = {2003},
 isbn = {0-7695-1868-0},
 pages = {227},
 publisher = {IEEE Computer Society},
 }

@inproceedings{milojicic:sigops-ew:2000,
 author = {Dejan Milojicic and Alan Messer and James Shau and Guangrui Fu and Alberto Munoz},
 title = {Increasing Relevance of Memory Hardware Errors: a Case for Recoverable Programming Models},
 booktitle = {Proceedings of the 9th Workshop of the ACM Special Interest Group on Operating Systems},
 year = {2000},
 isbn = {1-23456-789-0},
 pages = {97--102},
 location = {Kolding, Denmark},
 publisher = {ACM Press},
 }

@inproceedings{witchel:asplos:2002,
 author = {Emmett Witchel and Josh Cates and Krste Asanovi\'{c}},
 title = {Mondrian Memory Protection},
 booktitle = {Proceedings of the International Conference on Architectural Support for Programming Languages and Operating Systems (ASPLOS)},
 year = {2002},
 pages = {304--316},
 publisher = {ACM Press},
 }

@inproceedings{robertz:lctes:2003,
 author = {Sven Gestegard Robertz and Roger Henriksson},
 title = {Time-Triggered Garbage Collection: Robust and Adaptive Real-Time {GC} Scheduling for Embedded Systems},
 booktitle = {Proceedings of the Conference on Languages, Compilers, and Tools for Embedded Systems},
 year = {2003},
 isbn = {1-58113-647-1},
 pages = {93--102},
 location = {San Diego, California, USA},
 publisher = {ACM Press},
 }

@inproceedings{austin:pldi:1994,
 author = {Todd M. Austin and Scott E. Breach and Gurindar S. Sohi},
 title = {Efficient Detection of All Pointer and Array Access Errors},
 booktitle = {Proceedings of the Conference on Programming Language Design and Implementation (PLDI)},
 year = {1994},
 pages = {290--301},
 publisher = {ACM Press},
 }

@inproceedings{necula:popl:2002,
 author = {George C. Necula and Scott McPeak and Westley Weimer},
 title = {{CC}ured: Type-Safe Retrofitting of Legacy Code},
 booktitle = {Proceedings of the Symposium on Principles of Programming Languages (POPL)},
 year = {2002},
 pages = {128--139},
 publisher = {ACM Press},
 }

@inproceedings{condit:pldi:2003,
 author = {Jeremy Condit and Matthew Harren and Scott McPeak and George C. Necula and Westley Weimer},
 title = {{CC}ured in the Real World},
 booktitle = {Proceedings of the Conference on Programming Language Design and Implementation (PLDI)},
 year = {2003},
 pages = {232--244},
 }

@inproceedings{jim:usenix:2002,
 author = {Trevor Jim and J. Greg Morrisett and Dan Grossman and Michael W. Hicks and James Cheney and Yanling Wang},
 title = {Cyclone: A Safe Dialect of {C}},
 booktitle = {Proceedings of the General Track: USENIX Annual Technical Conference},
 year = {2002},
 isbn = {1-880446-00-6},
 pages = {275--288},
 publisher = {USENIX Association},
 }

@inproceedings{grossman:pldi:2002,
 author = {Dan Grossman and Greg Morrisett and Trevor Jim and Michael Hicks and Yanling Wang and James Cheney},
 title = {Region-Based Memory Management in {C}yclone},
 booktitle = {Proceedings of the Conference on Programming Language Design and Implementation (PLDI)},
 year = {2002},
 pages = {282--293},
 }

@inproceedings{hicks:ismm:2004,
 author = {Michael Hicks and Greg Morrisett and Dan Grossman and Trevor Jim},
 title = {Experience with Safe Manual Memory-Management in {C}yclone},
 booktitle = {Proceedings of the International Symposium on Memory Management (ISMM)},
 year = {2004},
 pages = {73--84},
 publisher = {ACM Press},
 }

@inproceedings{boyapati:pldi:2003,
 author = {Chandrasekhar Boyapati and Alexandru Salcianu and William {Beebee, Jr.} and Martin Rinard},
 title = {Ownership Types for Safe Region-Based Memory Management in {R}eal-time {J}ava},
 booktitle = {Proceedings of the Conference on Programming Language Design and Implementation (PLDI)},
year = {2003},
 pages = {324--337},
 }

@inproceedings{gay:pldi:1998,
 author = {David Gay and Alex Aiken},
 title = {Memory Management with Explicit Regions},
 booktitle = {Proceedings of the Conference on Programming Language Design and Implementation (PLDI)},
 year = {1998},
 pages = {313--323},
 }

@inproceedings{dhurjati:lctes:2003,
 author = {Dinakar Dhurjati and Sumant Kowshik and Vikram Adve and Chris Lattner},
 title = {Memory Safety Without Runtime Checks or Garbage Collection},
 booktitle = {Proceedings of the ACM SIGPLAN Conference on Languages, Compilers, and tools for Embedded Systems},
 year = {2003},
 isbn = {1-58113-647-1},
 pages = {69--80},
 location = {San Diego, California, USA},
 publisher = {ACM Press},
 }

@inproceedings{baker:rtss:1990,
 author = {T.P. Baker},
 title = {A Stack-Based Resource Allocation Policy for Realtime Processes},
 booktitle = {Proceedings of the Real-Time Systems Symposium},
 year = {1990},
 pages = {191--200},
 location = {Lake Buena Vista,Florida,USA},
 }

@misc{lamie:www:2000,
 author = {Bill Lamie},
 title = {A Multitasking Revolution},
 year = {2000},
 note = {\url{http://www.netsilicon.com/pdf/article_expresslogic2.pdf}},
 }


@misc{idapro:dis,
 title = {IDAPro Disassembler},
 note = {\url{http://www.hex-rays.com/idapro/}},
 }

@inproceedings{sardesai:pdpta:1998,
 author = {Shantanu Sardesai and Donald McLaughlin and Partha Dasgupta},
 title = {Distributed Cactus Stacks: Runtime Stack-Sharing Support for Distributed Parallel Programs},
 booktitle = {Proceedings of the International Conference on Parallel and Distributed Processing Techniques and Applications},
 month={July},
 year = {1998},
 }

@techreport{hogen:aachen:1993,
 author = {Guido Hogen and Rita Loogen},
 title = {A New Stack Technique for the Management of Runtime Structures in Distributed Implementations},
 institution = {RWTH Aachen, Germany},
 year = {1993},
 note = {\url{http://citeseer.ist.psu.edu/hogen93new.html}},
 }

@inproceedings{wong:sac:1994,
 author = {Kam-Fai Wong and Benoit Dageville},
 title = {Supporting Thousands of Threads Using a Hybrid Stack Sharing Scheme},
 booktitle = {Proceedings of the ACM Symposium on Applied Computing},
 year = {1994},
 pages={493--498},
 isbn={0-89791-647-6},
 location={Phoenix, Arizona, USA},
 publisher={ACM Press},
 }

@misc{tietz:www:2001,
 author = {Leon Tietz},
 title = {Virtual Memory within Embedded Systems - Marketing Hype or Engineering Reality},
 year = {2001},
 note = {\url{http://www.omimo.be/magazine/01q3/2001q3_p061.pdf}},
 }

@misc{carbone:www:2004,
 author = {John Carbone},
 title = {Efficient Memory Protection for Embedded Systems},
 year = {2004},
 note = {\url{http://www.rtcmagazine.com/home/article.php?id=100120}},
 }

@misc{moore:www:2001,
 author = {Ralph Moore},
 title = {Unbound Stacks and Stoppable Tasks},
 year = {2001},
 note = {\url{http://www.programmersheaven.com/articles/smx/article3.htm}},
 }

@inproceedings{kearns:ieee:1982,
 author = {John P. Kearns, Carol J. Meier and Mary Lou Soffa},
 title = {The Performance Evaluation of Control Implementations},
 booktitle = {IEEE Transactions on Software Engineering},
 pages={82--89},
 month={March},
 year = {1982},
 }

@inproceedings{pizka:pdpta:1999,
  author={Markus Pizka},
  title={Thread Segment Stacks},
  booktitle={In Proceedings of International Conference on Parallel and Distributed Processing Techniques and Applications},
  month={June},
  year={1999},
  location={Las Vegas, Nevada, USA}
}

@manual{m32r,
 title = {M32R Family of 32-Bit {RISC} Processors},
 organization = {Renesas Technology},
 note = {\url{http://america.renesas.com/fmwk.jsp?cnt=m32r_family_landing.jsp&fp=/products/mpumcu/m32r_family/}},
 }

@manual{nist:icat,
 title = {National Vulnerability Database Statistics},
 organization = {National Institute of Standards and Technology (NIST)},
 note = {\url{http://nvd.nist.gov/statistics.cfm}},
}

@article{carbone:rtc:2004,
 author = {John Carbone},
 title = {Efficient Memory Protection for Embedded Systems},
 journal = {RTC Magazine},
 month = {September},
 year = {2004},
 note = {\url{http://www.rtcmagazine.com/home/article.php?id=100120}},
 }

@article{bollella:computer:2000,
 author = {Greg Bollella and James Gosling},
 title = {The Real-Time Specification for {J}ava},
 journal = {Computer},
 volume = {33},
 number = {6},
 year = {2000},
 issn = {0018-9162},
 pages = {47--54},
 publisher = {IEEE Computer Society Press},
 }

@inproceedings{bodik:pldi:2000,
 author = {Rastislav Bodik and Rajiv Gupta and Vivek Sarkar},
 title = {{ABCD}: Eliminating Array Bounds Checks on Demand},
 booktitle = {Proceedings of the Conference on Programming Language Design and Implementation (PLDI)},
 year = {2000},
 isbn = {1-58113-199-2},
 pages = {321--333},
 location = {Vancouver, British Columbia, Canada},
 publisher = {ACM Press},
 }

@inproceedings{gupta:pldi:1990,
 author = {Rajiv Gupta},
 title = {A Fresh Look at Optimizing Array Bound Checking},
 booktitle = {Proceedings of the Conference on Programming Language Design and Implementation (PLDI)},
 year = {1990},
 isbn = {0-89791-364-7},
 pages = {272--282},
 location = {White Plains, New York, USA},
 publisher = {ACM Press},
 }

@article{gupta:loplas:1993,
 author = {Rajiv Gupta},
 title = {Optimizing Array Bound Checks Using Flow Analysis},
 journal = {ACM Letters on Programming Languages and Systems},
 volume = {2},
 number = {1-4},
 year = {1993},
 issn = {1057-4514},
 pages = {135--150},
 publisher = {ACM Press},
 }

@inproceedings{kolte:pldi:1995,
 author = {Priyadarshan Kolte and Michael Wolfe},
 title = {Elimination of Redundant Array Subscript Range Checks},
 booktitle = {Proceedings of the Conference on Programming Language Design and Implementation (PLDI)},
 year = {1995},
 isbn = {0-89791-697-2},
 pages = {270--278},
 location = {La Jolla, California, USA},
 publisher = {ACM Press},
 }

@inproceedings{suzuki:popl:1977,
 author = {Norihisa Suzuki and Kiyoshi Ishihata},
 title = {Implementation of an Array Bound Checker},
 booktitle = {Proceedings of the Symposium on Principles of Programming Languages (POPL)},
 year = {1977},
 pages = {132--143},
 location = {Los Angeles, California},
 publisher = {ACM Press},
 }

@inproceedings{xi:pldi:1998,
 author = {Hongwei Xi and Frank Pfenning},
 title = {Eliminating Array Bound Checking Through Dependent Types},
 booktitle = {Proceedings of the Conference on Programming Language Design and Implementation (PLDI)},
 year = {1998},
 isbn = {0-89791-987-4},
 pages = {249--257},
 location = {Montreal, Quebec, Canada},
 publisher = {ACM Press},
 }

@inproceedings{cocke:cse:1970,
 author = {John Cocke},
 title = {Global Common Subexpression Elimination},
 booktitle = {Proceedings of a Symposium on Compiler Optimization},
 year = {1970},
 pages = {20--24},
 }

@inproceedings{burke:lcpc:1994,
 author = {Michael G. Burke and Paul R. Carini and Jong-Deok Choi and Michael Hind},
 title = {Flow-Insensitive Interprocedural Alias Analysis in the Presence of Pointers},
 booktitle = {Proceedings of the International Workshop on Languages and Compilers for Parallel Computing},
 year = {1995},
 isbn = {3-540-58868-X},
 pages = {234--250},
 publisher = {Springer-Verlag},
 }

@phdthesis{andersen:uc:1994,
 author = {L. O. Andersen},
 title = {Program Analysis and Specialization for the {C} Programming Language},
 school = {University of Copenhagen},
 month = {May},
 year = {1994},
 }

@inproceedings{choi:popl:1993,
 author = {Jong-Deok Choi and Michael Burke and Paul Carini},
 title = {Efficient Flow-Sensitive Interprocedural Computation of Pointer-Induced Aliases and Side Effects},
 booktitle = {Proceedings of the ACM SIGPLAN-SIGACT Symposium on Principles of Programming Languages},
 year = {1993},
 isbn = {0-89791-560-7},
 pages = {232--245},
 location = {Charleston, South Carolina, USA},
 publisher = {ACM Press},
 }

@article{hind:toplas:1999,
 author = {Michael Hind and Michael Burke and Paul Carini and Jong-Deok Choi},
 title = {Interprocedural Pointer Alias Analysis},
 journal = {ACM Transactions on Programming Languages and Systems},
 volume = {21},
 number = {4},
 year = {1999},
 issn = {0164-0925},
 pages = {848--894},
 publisher = {ACM Press},
 }

@inproceedings{steensgaard:popl:1996,
 author = {Bjarne Steensgaard},
 title = {Points-To Analysis in Almost Linear Time},
 booktitle = {Proceedings of the Symposium on Principles of Programming Languages},
 year = {1996},
 pages = {32--41},
 }

@inproceedings{wahbe:sosp:1993,
 author = {Robert Wahbe and Steven Lucco and Thomas E. Anderson and Susan L. Graham},
 title = {Efficient Software-based Fault Isolation},
 booktitle = {Proceedings of the Symposium on Operating Systems Principles (SOSP)},
 year = {1993},
 pages = {203--216},
 publisher = {ACM Press},
 }


@inproceedings{eigler:gcc:2003,
 author = {Frank Ch. Eigler},
 title = {Mudflap: Pointer Use Cheking for {C}/{C}++},
 booktitle = {Proceedings of the {GCC} Developers Summit 2003},
 year = {2003},
 pages = {57--70},
 }

@inproceedings{lattner:msp:2002,
 author = {Chris Lattner and Vikram Adve},
 title = {Automatic Pool Allocation for Disjoint Data Structures},
 booktitle = {Proceedings of the Workshop on Memory System Performance (MSP)},
 year = {2002},
 pages = {13--24},
 }

@inproceedings{seward:usenix:2005,
 author = {Julian Seward and Nicholas Nethercote},
 title = {Using {V}algrind to Detect Undefined Value Errors with Bit-precision},
 booktitle = {Proceedings of the {USENIX} Technical Conference},
 year = {2005},
 pages = {17--30},
 publisher = {USENIX Association},
 }

@inproceedings{hastings:usenix:1992,
 author = {Reed Hastings and Bob Joyce},
 title = {Purify: Fast Detection of Memory Leaks and Access Errors},
 booktitle = {Proceedings of the {USENIX} Technical Conference},
 year = {1992},
 pages = {205--215},
 publisher = {USENIX Association},
 }

@article{dhurjati:tecs:2005,
 author = {Dinakar Dhurjati and Sumant Kowshik and Vikram Adve and Chris Lattner},
 title = {Memory Safety Without Garbage Collection for Embedded Applications},
 journal = {Transactions on Embedded Computing Systems (TECS)},
 volume = {4},
 number = {1},
 year = {2005},
 issn = {1539-9087},
 pages = {73--111},
 publisher = {ACM Press},
 address = {New York, NY, USA},
 }

@inproceedings{dhurjati:dsn:2006,
author = {Dinakar Dhurjati and Vikram Adve},
title = {Efficiently Detecting All Dangling Pointer Uses in Production Servers},
booktitle = {Proceedings of the International Conference on Dependable Systems and Networks (DSN)},
year = {2006},
pages = {269-280},
publisher = {IEEE Computer Society},
}

@manual{vdc:report:2004,
 organization = {Venture Development Corporation},
 title = {The Embedded Software Strategic Market Intelligence Program 2004 Volume 1},
 year = {2004},
 note = {\url{http://www.vdc-corp.com/embedded/white/04/04esdtvol1.pdf}},
 }

@manual{vdc:report:2003,
 organization = {Venture Development Corporation},
 title = {The Embedded Software Strategic Market Intelligence Program 2002/2003 Volume 2},
 year = {2003},
 note = {\url{http://www.vdc-corp.com/embedded/white/03/03esdtvol2.pdf}},
 }

@book{hennessy:2003,
 author = {John Hennessy and David Patterson},
 title = {Computer Architecture: A Quantitative Approach},
 publisher = {Morgan Kaufmann},
 edition = {third},
 year = {2003},
 }

@book{appel:1998,
 author = {Andrew W. Appel and Maia Ginsburg},
 title = {Modern Compiler Implementation in {C}},
 publisher = {Cambridge University Press},
 year = {1998},
 }

@book{arm:2000,
 author = {D. Jagger and D. Seal},
 title = {{ARM} Architecture Reference Manual},
 publisher = {Addison Wesley},
 year = {2000},
}

@article{franke:tecs:2003,
 author = {Bj\"{o}rn Franke and Michael O'boyle},
 title = {Array Recovery and High-Level Transformations for {DSP} Applications},
 journal = {Transactions on Embedded Computing Systems (TECS)},
 volume = {2},
 number = {2},
 year = {2003},
 issn = {1539-9087},
 pages = {132--162},
 publisher = {ACM Press},
 }

@article{montanaro:issc:1996,
 author = {James Montanaro and others},
 title = {A 160{MH}z, 32b, 0.5{W} {CMOS} {RISC} Microprocessor},
 journal = {IEEE Journal of Solid State Circuit},
 volume = {31},
 number = {11},
 year = {1996},
 pages = {1703--1714},
 }

@inproceedings{das:pldi:2000,
 author = {Manuvir Das},
 title = {Unification-based Pointer Analysis With Directional Assignments},
 booktitle = {Proceedings of the Conference on Programming Language Design and Implementation (PLDI)},
 year = {2000},
 pages = {35--46},
 }

@inproceedings{llvm,
 author = {Chris Lattner and Vikram Adve},
 title = {{LLVM}: A Compilation Framework for Lifelong Program Analysis \& Transformation},
 booktitle = {Proceedings of the International Symposium on Code Generation and Optimization (GCO)},
 year = {2004},
 pages = {75--87},
 }

@inproceedings{mibench,
 author = {Matthew R. Guthaus and Jeffrey S. Ringenberg and Dan Ernst and Todd M. Austin and Trevor Mudge and Richard B. Brown},
 title = {MiBench: A free, Commercially Representative Embedded Benchmark Suite},
 booktitle = {Proceedings of the IEEE Workshop on Workload Characterization},
 year = {2001},
 }

@manual{gcc,
 organization = {CodeSourcery, LLC.},
 title = {{GNU} {ARM} Toolchain},
 note = {\url{http://www.codesourcery.com/}},
 }

@manual{uscert,
 organization = {United States Computer Emergency Readiness Team (US-CERT)},
 title = {{US-CERT} Vulnerability Notes},
 note = {\url{http://www.kb.cert.org/vuls/}},
}

@inproceedings{bobrow:1973,
  author = {D.G Bobrow and B. Wegbreit},
  title = {A model and stack implementation of multiple environments},
  booktitle = {Communications of the ACM},
  pages = {591--603},
  month = {October},
  year = {1973},
}

@inproceedings{hauck:1968,
  author = {E.A. Hauck and B.A Dent},
  title = {Burroughs B 6500/B 7500 Stack Mechanism},
  booktitle = {Proceedings of AFIPS, SJCC, vol 32 },
  pages = {245--251},
  year = {1968},
}

@inproceedings{dhurjati:icse:2006,
 author = {Dinakar Dhurjati and Vikram Adve},
 title = {Backwards-Compatible Array Bounds Checking for {C} With Very Low Overhead},
 booktitle = {Proceedings of the International Conference on Software Engineering (ICSE)},
 year = {2006},
 pages = {162--171},
 publisher = {ACM Press},
 }

@inproceedings{jones:aadebug:1997,
 author = {Richard W. M. Jones and Paul H. J. Kelly},
 title = {Backwards-Compatible Bounds Checking for Arrays and Pointers in {C} Programs},
 booktitle = {Proceedings of the International Workshop on Automatic Debugging (AADEBUG)},
 year = {1997},
 pages = {13--26},
 publisher = {Link\"{o}ping University Electronic Press}
}

@inproceedings{ruwase:ndss:2004,
 author = {Olatunji Ruwase and Monica S. Lam},
 title = {A Practical Dynamic Buffer Overflow Detector},
 booktitle = {Proceedings of the Network and Distributed System Security Symposium (NDSS)},
 year = {2004},
 pages = {159--169},
 publisher = {The Internet Society},
}

@article{rugina:toplas:2005,
 author = {Radu Rugina and Martin C. Rinard},
 title = {Symbolic Bounds Analysis of Pointers, Array Indices, and Accessed Memory Regions},
 journal = {Transactions on Programming Languages and Systems (TOPLAS)},
 volume = {27},
 number = {2},
 year = {2005},
 pages = {185--235},
 publisher = {ACM Press},
 }

@article{necula:toplas:2005,
 author = {George C. Necula and Jeremy Condit and Matthew Harren and Scott McPeak and Westley Weimer},
 title = {{CC}ured: Type-Safe Retrofitting of Legacy Software},
 journal = {Transactions on Programming Languages and Systems (TOPLAS)},
 volume = {27},
 number = {3},
 year = {2005},
 pages = {477--526},
 publisher = {ACM Press},
 }

@article{patil:spe:1997,
 author = {Harish Patil and Charles Fischer},
 title = {Low-cost, Concurrent Checking of Pointer and Array Accesses in {C} Programs},
 journal = {Software: Practce and Experience (SPE)},
 volume = {27},
 number = {1},
 year = {1997},
 pages = {87--110},
 publisher = {John Wiley \& Sons, Inc.},
 }

@inproceedings{xu:fse:2004,
 author = {Wei Xu and Daniel C. DuVarney and R. Sekar},
 title = {An Efficient and Backwards-Compatible Transformation to Ensure Memory Safety of {C} Programs},
 booktitle = {Proceedings of the International Symposium on Foundations of Software Engineering (FSE)},
 year = {2004},
 pages = {117--126},
 publisher = {ACM Press},
 }

@article{steffen:spe:1992,
 author = {Joseph L. Steffen},
 title = {Adding Run-Time Checking to the {P}ortable {C} {C}ompiler},
 journal = {Software: Practice and Experience (SPE)},
 volume = {22},
 number = {4},
 year = {1992},
 pages = {305--316},
 publisher = {John Wiley \& Sons, Inc.},
 }

@inproceedings{kendall:usenix:1983,
 author = {S.C. Kendall},
 title = {Bcc: Run-Time Checking for {C} Programs},
 booktitle = {Proceedings of the USENIX Summer Conference},
 year = {1983},
 pages = {5--16},
 publisher = {USENIX Association},
 }

@inproceedings{lapkowski:cc:1998,
 author = {Christopher Lapkowski and Laurie J. Hendren},
 title = {Extended SSA Numbering: Introducing SSA Properties to Languages with Multi-Level Pointers},
 booktitle = {Proceedings of the International Conference on Compiler Construction (CC)},
 year = {1998},
 pages = {128--143},
 publisher = {Springer-Verlag},
 }

@inproceedings{chow:cc:1996,
 author = {Fred Chow and Sun Chan and Shin-Ming Liu and Raymond Lo and Mark Streich},
 title = {Effective Representation of Aliases and Indirect Memory Operations in {SSA} Form},
 booktitle = {Proceedings of the International Conference on Compiler Construction (CC)},
 year = {1996},
 pages = {253--267},
 publisher = {Springer-Verlag},
}

@inproceedings{cytron:pldi:1993,
 author = {Ron Cytron and Reid Gershbein},
 title = {Efficient Accommodation of May-Alias Information in {SSA} Form},
 booktitle = {Proceedings of the Conference on Programming Language Design and Implementation (PLDI)},
 year = {1993},
 pages = {36--45},
 publisher = {ACM Press},
 }

@inproceedings{alpern:popl:1988,
 author = {Bowen Alpern and Mark N. Wegman and F. Kenneth Zadeck},
 title = {Detecting Equality of Variables in Programs},
 booktitle = {Proceedings of the Symposium on Principles of Programming Languages (POPL)},
 year = {1988},
 pages = {1--11},
 publisher = {ACM Press},
 }

@phdthesis{simpson:ru:1996,
 author = {Loren Taylor Simpson},
 title = {Value-Driven Redundancy Elimination},
 school = {Rice University},
 year = {1996},
 }

@inproceedings{havlak:wlcpc:1994,
 author = {Paul Havlak},
 title = {Construction of Thinned Gated Single-Assignment Form},
 booktitle = {Proceedings of the International Workshop on Languages and Compilers for Parallel Computing},
 year = {1994},
 pages = {477--499},
 publisher = {Springer-Verlag},
 }

@inproceedings{tu:pldi:1995,
 author = {Peng Tu and David Padua},
 title = {Efficient Building and Placing of Gating Functions},
 booktitle = {Proceedings of the Conference on Programming Language Design and Implementation (PLDI)},
 year = {1995},
 pages = {47--55},
 publisher = {ACM Press},
 }

@inproceedings{ottenstein:pldi:1990,
 author = {Karl J. Ottenstein and Robert A. Ballance and Arthur B. MacCabe},
 title = {The Program Dependence Web: A Representation Supporting Control-, Data-, and Demand-Driven Interpretation of Imperative Languages},
 booktitle = {Proceedings of the Conference on Programming Language Design and Implementation (PLDI)},
 year = {1990},
 pages = {257--271},
 publisher = {ACM Press},
 }

@mastersthesis{ananian:mit:1999,
 author = {C. Scott Ananian},
 title = {The Static Single Information Form},
 school = {Massachusetts Institute of Technology},
 month = {September},
 year = {1999},
 }

@inproceedings{lo:pldi:1998,
 author = {Raymond Lo and Fred Chow and Robert Kennedy and Shin-Ming Liu and Peng Tu},
 title = {Register Promotion by Sparse Partial Redundancy Elimination of Loads and Stores},
 booktitle = {Proceedings of the Conference on Programming Language Design and Implementation},
 year = {1998},
 pages = {26--37},
 publisher = {ACM Press},
 }

@inproceedings{george:pldi:2003,
 author = {Lal George and Matthias Blume},
 title = {Taming the {IXP} Network Processor},
 booktitle = {Proceedings of the Conference on Programming Language Design and Implementation},
 year = {2003},
 pages = {26--37},
 publisher = {ACM Press},
 }

@phdthesis{plevyak:uiuc:1996,
 author = {John Plevyak},
 title = {Optimization of Object-Oriented and Concurrent Programs},
 school = {University of Illinois at Urbana-Champaign},
 year = {1996},
}

@inproceedings{engler:sosp:2001,
 author = {Dawson Engler and David Yu Chen and Seth Hallem and Andy Chou and Benjamin Chelf},
 title = {Bugs As Deviant Behavior: A General Approach to Inferring Errors in Systems Code},
 booktitle = {Proceedings of the Symposium on Operating Systems Principles (SOSP)},
 year = {2001},
 pages = {57--72},
 publisher = {ACM Press},
 }

@inproceedings{engler:osdi:2000,
 author = {Dawson Engler and Benjamin Chelf and Andy Chou and Seth Hallem},
 title = {Checking System Rules Using System-Specific, Programmer-Written Compiler Extensions},
 booktitle = {Proceedings of the Symposium on Operating System Design and Implementation (OSDI)},
 year = {2000},
 publisher = {USENIX Association},
 }

@inproceedings{tsipenyuk:ssattm:2005,
 author = {Katrina Tsipenyuk and Brian Chess and Gary McGraw},
 title = {Seven pernicious Kingdoms: A Taxonomy of Software Security Errors},
 booktitle = {Proceedings of the Workshop on Software Security Assurance Tools, Techniques, and Metrics (SSATTM)},
 year = {2005},
 publisher = {National Institute of Standards and Technology},
 }

@manual(Chien02,
    Author="Eric Chien and Peter Szor",
    Title="Blended Attacks Exploits, Vulnerabilities and Buffer-Overflow Techniques in Computer Viruses",
    organization="Security Response White paper, Symantec Inc.",
    Month="September",
    Year="2002",
    note={\url{http://www.symantec.com/avcenter/reference/blended.attacks.pdf}},
    )

@InProceedings(kiriansky:security:2002,
  author = "Vladimir Kiriansky and Derek Bruening and Saman Amarasinghe",
  title = "Secure Execution Via Program Shepherding",
  url = "http://cag.lcs.mit.edu/commit/papers/02/RIO-security-usenix.pdf",
  month = "August",
  year = 2002,
  title = "USENIX Security Symposium",
  booktitle = "USENIX Security Symposium",
  address = "San Francisco")

@TechReport{abadi-tr05,
   author = {Mart{\'\i}n Abadi and Mihai Budiu and {\'U}lfar Erlingsson and Jay Ligatti},
   title =  {Control-Flow Integrity},
   institution =    {Microsoft Research},
   number = {MSR-TR-2005-18},
   pages =  {12},
   month =  {February},
   year =   {2005},
   url =    {ftp://ftp.research.microsoft.com/pub/tr/TR-2005-18.pdf}
}

 @inproceedings{Nguyen05,
 author = {Nghi Nguyen and Angel Dominguez and Rajeev Barua},
 title = "{Memory Allocation for Embedded Systems with a Compile-Time-Unknown Scratch-Pad Size}",
 booktitle = {Proceedings of the international conference on Compilers, architectures and synthesis for embedded systems},
 month = "September 24-27",
 year = {2005},
 location = {San Francisco, California, USA},
 }

@mastersthesis{zitser:mit:2003,
 author = {Misha Zitser},
 title = {Securing Software: An evaluation of Static Source Code Analyzers},
 school = {Massachusetts Institute of Technology},
 month = {September},
 year = {2003},
}

@manual{polyspace,
 title = {Detection of Run-Time Errors at Compile-Time},
 organization = {PolySpace Technologies},
 note = {\url{http://www.polyspace.com/}},
}

@inproceedings{splint,
 author = {David Evans},
 title = {Static Detection of Dynamic Memory Errors},
 booktitle = {PLDI '96: Proceedings of the Conference on Programming
Language Design and Implementation (PLDI)},
 year = {1996},
 pages = {44--53},
 publisher = {ACM Press},
 }

@inproceedings{Carley03,
    author = "Tom Carley and Musa Ba and Rajeev Barua and Dave Stewart",
    title = "Contention-Free Periodic Task Scheduler Medium Access Control in Wireless Sensor / Actuator Networks",
    booktitle = "24th {IEEE} Real-Time Systems Symposium ({RTSS})",
    pages = "298-307",
    month = "December",
    year = "2003"}

@techreport{iplicm-ipcse-tr08,
 author = {Kiran Seshadri and Mincy Mathew and Rajeev Barua},
 title = {Inter-procedural optimizations in a binary rewriter},
 institution = {University of Maryland, College Park},
 year = {2008},
 note = {\url{http://www.ece.umd.edu/~barua/iplicm-ipcse-tr08.pdf}},
 }

@article{kotha08,
   Author="XXX - Blanked out for blind review",
   Title="{Automatic parallelization in a binary rewriter}",
   Journal="USPTO provisional patent no. XXX",
   address = "University of Maryland at College Park",
   Month=" ",
   Year=" ",
   note={}
}

@conference{luk2005pbc,
  title={{Pin: building customized program analysis tools with dynamic instrumentation}},
  author={Luk, C.K. and Cohn, R. and Muth, R. and Patil, H. and Klauser, A. and Lowney, G. and Wallace, S. and Reddi, V.J. and Hazelwood, K.},
  booktitle={Proceedings of the ACM SIGPLAN conference on Programming language design and implementation},
  volume={40},
  number={6},
  pages={190--200},
  year={2005},
  organization={ACM NY, USA}
}

@conference{scott2003rar,
  title={{Retargetable and reconfigurable software dynamic translation}},
  author={Scott, K. and Kumar, N. and Velusamy, S. and Childers, B. and Davidson, JW and Soffa, ML},
  booktitle={Proceedings of the international symposium on Code generation and optimization: feedback-directed and runtime optimization},
  pages={36--47},
  year={2003},
  organization={IEEE Computer Society Washington, DC, USA}
}

@phdthesis{bruening2004eta,
  title={{Efficient, Transparent, and Comprehensive Runtime Code Manipulation}},
  author={Bruening, D.L.},
  year={2004},
  school={MIT}
}


@inproceedings{bird,
 author = {Susanta Nanda and et al},
 title = {BIRD: Binary Interpretation using Runtime Disassembly},
 booktitle = {CGO '06: Proceedings of the International Symposium on Code Generation and Optimization},
 year = {2006},
 isbn = {0-7695-2499-0},
 pages = {358--370},
 doi = {http://dx.doi.org/10.1109/CGO.2006.6},
 address = {Washington, DC, USA},
 }

@article{valgrind,
 author = {Nicholas Nethercote and Julian Seward},
 title = {Valgrind: a framework for heavyweight dynamic binary instrumentation},
 journal = {SIGPLAN Not.},
 volume = {42},
 number = {6},
 year = {2007},
 issn = {0362-1340},
 pages = {89--100},
 doi = {http://doi.acm.org/10.1145/1273442.1250746},
 publisher = {ACM},
 address = {New York, NY, USA},
 }


@inproceedings{reps06,
 author = {Balakrishnan, Gogul and Reps, Thomas},
 title = {DIVINE: discovering variables in executables},
 booktitle = {Proceedings of the 8th international conference on Verification, model checking, and abstract interpretation},
 series = {VMCAI'07},
 year = {2007},
 isbn = {978-3-540-69735-0},
 location = {Nice, France},
 pages = {1--28},
 numpages = {28},
 url = {http://dl.acm.org/citation.cfm?id=1763048.1763050},
 acmid = {1763050},
 address = {Berlin, Heidelberg},
} 

@inproceedings{reps07-irrecovery,
 author = {Thomas Reps and Gogul Balakrishnan and Junghee Lim},
 title = {Intermediate-representation recovery from low-level code},
 booktitle = {PEPM: Proceedings of the 2006 ACM SIGPLAN symposium on Partial evaluation and semantics-based program manipulation},
 year = {2006},
 isbn = {1-59593-196-1},
 pages = {100--111},
 location = {Charleston, South Carolina},
 doi = {http://doi.acm.org/10.1145/1111542.1111560},
 publisher = {ACM},
 address = {NY, USA},
 }

@article{uqbt00,
author = {Cristina Cifuentes and Mike Van Emmerik},
title = {UQBT: Adaptable Binary Translation at Low Cost},
journal ={Computer},
volume = {33},
number = {3},
issn = {0018-9162},
year = {2000},
pages = {60-66},
doi = {http://doi.ieeecomputersociety.org/10.1109/2.825697},
publisher = {IEEE Computer Society},
address = {Los Alamitos, CA, USA},
}

@article{shastry-ssa,
 author = {Sastry, A. V. S. and Ju, Roy D. C.},
 title = {A new algorithm for scalar register promotion based on SSA form},
 journal = {SIGPLAN Not.},
 volume = {33},
 issue = {5},
 month = {May},
 year = {1998},
 issn = {0362-1340},
 pages = {15--25},
 numpages = {11},
 url = {http://doi.acm.org/10.1145/277652.277656},
 doi = {http://doi.acm.org/10.1145/277652.277656},
 acmid = {277656},
 publisher = {ACM},
 address = {New York, NY, USA},
} 



@ARTICLE{fx32,
    author = {Anton Chernoff and et. al.},
    title = {FX!32 - A Profile-Directed Binary Translator},
    journal = {IEEE Micro},
    year = {1998},
    volume = {18},
    pages = {56--64}
}

@inproceedings{ibm-fdpr,
 author = {Haber, Gadi and et al},
 title = {Optimization opportunities created by global data reordering},
 booktitle = {Proceedings of the International symposium on Code generation and optimization},
 year = {2003},
 isbn = {0-7695-1913-X},
 location = {San Francisco, California},
 numpages = {10},
 url = {http://dl.acm.org/citation.cfm?id=776261.776286},
 acmid = {776286},
 address = {Washington DC, USA},
} 


@article{ssa,
 author = {Cytron, Ron and Ferrante, Jeanne and Rosen, Barry K. and Wegman, Mark N. and Zadeck, F. Kenneth},
 title = {Efficiently computing static single assignment form and the control dependence graph},
 journal = {ACM Trans. Program. Lang. Syst.},
 volume = {13},
 number = {4},
 year = {1991},
 issn = {0164-0925},
 pages = {451--490},
 doi = {http://doi.acm.org/10.1145/115372.115320},
 publisher = {ACM},
 address = {New York, NY, USA},
 }

@inproceedings{plto,
    author = {Benjamin Schwarz and et. al.},
    title = {{PLTO}: A Link-Time Optimizer for the Intel IA-32 Architecture},
    booktitle = {In Proc. Workshop on Binary Translation},
    year = {2001}
}

@inproceedings{pintool,
     author = {Luk, Chi-Keung and et al},
 title = {Pin: building customized program analysis tools with dynamic instrumentation},
 booktitle = {Proceedings of the ACM conference on Programming language design and implementation},
 year = {2005},
 isbn = {1-59593-056-6},
 pages = {190--200},
 location = {Chicago, IL, USA},
 doi = {http://doi.acm.org/10.1145/1065010.1065034},
}

@INPROCEEDINGS{ispike,
    author = {Chi-keung Luk and et. al.},
    title = {Ispike: A post-link optimizer for the intel itanium architecture},
    booktitle = {In IEEE/ACM International Symposium on Code Generation and Optimization},
    year = {2004},
    pages = {15--26}
}


@inproceedings{venki04,
 author = {Venkitaraman, Ramakrishnan and Gupta, Gopal},
 title = {Static program analysis of embedded executable assembly code},
 booktitle = {CASES '04: Proceedings of the 2004 international conference on Compilers, architecture, and synthesis for embedded systems},
 year = {2004},
 isbn = {1-58113-890-3},
 pages = {157--166},
 location = {Washington DC, USA},
 doi = {http://doi.acm.org/10.1145/1023833.1023857},
 publisher = {ACM},
 address = {New York, NY, USA},
 }

@inproceedings{paramRetVal07,
 author = {Zhang, Jingbo and et. al.},
 title = {Parameter and Return-value Analysis of Binary Executables},
 booktitle = {Proceedings of the 31st Annual International Computer Software and Applications Conference},
 year = {2007},
 isbn = {0-7695-2870-8},
 pages = {501--508},
 doi = {http://dx.doi.org/10.1109/COMPSAC.2007.163},
 address = {Washington, DC, USA},
 }

@inproceedings{Saumya_alias,
 author = {Debray, Saumya and Muth, Robert and Weippert, Matthew},
 title = {Alias analysis of executable code},
 booktitle = {POPL '98: Proceedings of the 25th ACM SIGPLAN-SIGACT symposium on Principles of programming languages},
 year = {1998},
 isbn = {0-89791-979-3},
 pages = {12--24},
 location = {San Diego, California, United States},
 doi = {http://doi.acm.org/10.1145/268946.268948},
 publisher = {ACM},
 address = {New York, NY, USA},
 }

@book{appel,
 author = {Appel, Andrew W.},
 title = {Modern Compiler Implementation in C: Basic Techniques},
 year = {1997},
 isbn = {0521583896},
 publisher = {Cambridge University Press},
 address = {New York, NY, USA},
 }

@conference{wilander2003,
  title={{A comparison of publicly available tools for dynamic buffer overflow prevention}},
  author={Wilander, J. and Kamkar, M.},
  booktitle={Proceedings of the 10th Network and Distributed System Security Symposium},
  pages={149--162},
  year={2003},
  organization={Citeseer}
}


@manual{top500,
 organization = {The TOP500 Project},
 title = {Rankings of the world's fastest computers},
 year = {},
 note = {\url{http://www.top500.org/}},
 }

@inproceedings{micro-kapil10,
 author = {Anand, K. and Kotha, A. and Smithson, M. and Elwazeer, K. and Barua, R.},
 title = "Decompilation to Compiler High-Level {IR} in a Binary Rewriter",
 booktitle = {Submitted to the International Symposium on Microarchitecture 2010},
 location = {Atlanta, Georgia, USA},
 publisher = {ACM Press},
 }

@inproceedings{micro-aparna10,
 author = {Kotha, A. and et al},
 title = {Automatic Parallelization in a Binary Rewriter},
 booktitle = {Proceedings of the International Symposium on Microarchitecture 2010},
 location = {Atlanta, Georgia, USA},
 publisher = {ACM Press},
 }

@inproceedings{sec-padraig11,
 author = {Sullivan, P. and  et al},
 title = {Retrofitting security in COTS software with Binary rewriting},
 booktitle = {Proceedings of the  IFIP International Information Security Conference,June 2011},
 location = {Lucene, Switzerland},
 }


@inproceedings{dyn-reg-prom11,
 author = {Li, J. and Wu,C. and Hsu,W.},
 title = {Dynamic register promotion of stack variables},
 booktitle = {Proceedings of the International symposium of Code generation and optimization,March 2011},
 location = {Chamonix,France},
 }


@article{matt-patent10,
   Author={Smithson, M and Barua, R.},
   Title="{Binary Rewriting without Relocation Information}",
   Journal="USPTO patent pending no. 12/785,923",
   address = "University of Maryland at College Park",
   Month="May",
   Year="2010",
   note={}
}

@article{aparna-patent10,
   Author={Kotha, A. and Barua, R.},
   Title="{Automatic Parallelization in a Binary Rewriter}",
   Journal="USPTO patent pending no. 12/771,460",
   address = "University of Maryland at College Park",
   Month="April",
   Year="2010",
   note={}
}

@article{aesop-sdd10,
   Author={},
   Title="{The AESOP Software Design Diagram, v1.3}",
   Journal="DARPA AACE program",
   address = "",
   Month="July",
   Year="2010",
   note={}
}

@INPROCEEDINGS{Cooperregisterpromotion97,
    author = {Keith D. Cooper and John Lu},
    title = {Register Promotion in C Programs},
    booktitle = {Proc. ACM SIGPLAN Conf. Programming Language Design and Implementation (PLDI-97},
    year = {1997},
    pages = {308--319},
    publisher = {ACM Press}
}


@article{bridges-micro08,
  author    = {Matthew J. Bridges and
               Neil Vachharajani and
               Yun Zhang and
               Thomas B. Jablin and
               David I. August},
  title     = {Revisiting the Sequential Programming Model for the Multicore
               Era},
  journal   = {IEEE Micro},
  volume    = {28},
  number    = {1},
  year      = {2008},
  pages     = {12-20},
  ee        = {http://doi.ieeecomputersociety.org/10.1109/MM.2008.13},
  bibsource = {DBLP, http://dblp.uni-trier.de}
}



@manual{polybench,
 organization = {Polybench: The Polyhedral Benchmark Suite},
 title = {{INRIA Paris - Rocquencourt}},
 year = {2010},
 note = {\url{http://www-roc.inria.fr/~pouchet/software/polybench/}},
 }

@article{Mckinley98,
 author = {McKinley, Kathryn S.},
 title = {A Compiler Optimization Algorithm for Shared-Memory Multiprocessors},
 journal = {IEEE Trans. Parallel Distrib. Syst.},
 volume = {9},
 number = {8},
 year = {1998},
 issn = {1045-9219},
 pages = {769--787},
 doi = {http://dx.doi.org/10.1109/71.706049},
 publisher = {IEEE Press},
 address = {Piscataway, NJ, USA},
 }

@inproceedings{tzannes10,
 author = {Tzannes, Alexandros and Caragea, George C. and Barua, Rajeev and Vishkin, Uzi},
 title = {Lazy binary-splitting: a run-time adaptive work-stealing scheduler},
 booktitle = {PPoPP '10: Proceedings of the 15th ACM SIGPLAN symposium on Principles and practice of parallel programming},
 year = {2010},
 isbn = {978-1-60558-877-3},
 pages = {179--190},
 location = {Bangalore, India},
 doi = {http://doi.acm.org/10.1145/1693453.1693479},
 publisher = {ACM},
 address = {New York, NY, USA},
 }

@inproceedings{caragea10,
  author    = {George C. Caragea and
               Alexandros Tzannes and
               Fuat Keceli and
               Rajeev Barua and
               Uzi Vishkin},
  title     = {Resource-Aware Compiler Prefetching for Many-Cores},
  booktitle = {ISPDC},
  year      = {2010},
  pages     = {133-140},
  ee        = {http://doi.ieeecomputersociety.org/10.1109/ISPDC.2010.16},
  crossref  = {DBLP:conf/ispdc/2010},
  bibsource = {DBLP, http://dblp.uni-trier.de}
}

@inproceedings{anand09,
  author    = {Kapil Anand and
               Rajeev Barua},
  title     = {Instruction cache locking inside a binary rewriter},
  booktitle = {CASES},
  year      = {2009},
  pages     = {185-194},
  ee        = {http://doi.acm.org/10.1145/1629395.1629422},
  crossref  = {DBLP:conf/cases/2009},
  bibsource = {DBLP, http://dblp.uni-trier.de}
}

@article{nguyen09,
  author    = {Nghi Nguyen and
               Angel Dominguez and
               Rajeev Barua},
  title     = {Memory allocation for embedded systems with a compile-time-unknown
               scratch-pad size},
  journal   = {ACM Trans. Embedded Comput. Syst.},
  volume    = {8},
  number    = {3},
  year      = {2009},
  ee        = {http://doi.acm.org/10.1145/1509288.1509293},
  bibsource = {DBLP, http://dblp.uni-trier.de}
}

@article{middha08,
 author = {Middha, Bhuvan and Simpson, Matthew and Barua, Rajeev},
 title = {MTSS: Multitask stack sharing for embedded systems},
 journal = {ACM Trans. Embed. Comput. Syst.},
 volume = {7},
 number = {4},
 year = {2008},
 issn = {1539-9087},
 pages = {1--37},
 doi = {http://doi.acm.org/10.1145/1376804.1376814},
 publisher = {ACM},
 address = {New York, NY, USA},
 }

@MISC{
 gcc-cache,
 author = "OpenMP Architecture Review Board",
 title = {Options that Control Optimization},
 howpublished = "\url{http://gcc.gnu.org/onlinedocs/gcc/Optimize-Options.html}",
 year = "1998"
}

@inproceedings{Cociorva01,
 author = {Cociorva, D. and Wilkins, J. W. and Lam, C. and Baumgartner, G. and
           Ramanujam, J. and Sadayappan, P.},
 title = {Loop optimization for a class of memory-constrained computations},
 booktitle = {ICS '01: Proceedings of the 15th international conference on
 Supercomputing},
 year = {2001},
 isbn = {1-58113-410-X},
 pages = {103--113},
 location = {Sorrento, Italy},
 doi = {http://doi.acm.org/10.1145/377792.377814},
 publisher = {ACM}, address = {New York, NY, USA},
 }

@inproceedings{Li95,
 author = {Li, Wei},
 title = {Compiler cache optimizations for banded matrix problems},
 booktitle = {ICS '95: Proceedings of the 9th international conference on
 Supercomputing},
 year = {1995},
 isbn = {0-89791-728-6},
 pages = {21--30},
 location = {Barcelona, Spain},
 doi = {http://doi.acm.org/10.1145/224538.224541},
 publisher = {ACM},
 address = {New York, NY, USA},
}

@inproceedings{stackguard,
 author = {Crispin Cowan and et al},
 title = {StackGuard: automatic adaptive detection and prevention of buffer-overflow attacks},
 booktitle = {Proceedings of the 7th conference on USENIX Security Symposium},
 year = {1998},
 pages = {63-78},
 location = {San Antonio, Texas},
 }

@article{propolice1,
 author = {H. ETO and K. Yoda},
 title = {Propolice: Improved Stack-smashing Attack Detection},
 journal = {IPSJ SIGNotes Computer Security 14 (Oct 26)},
 year = {2001}
 }


@manual{aparna-tech-report,
 organization = {Automatic parallelizations inside a binary rewriter},
 note = {\url{http://www-ece.umd.edu/~barua/parallel-techreport.pdf/}},
 }

@manual{llvm-qemu,
 organization = {Dynamically Translating x86 to LLVM using QEMU},
 note = {\url{http://infoscience.epfl.ch/record/149975}},
 }

@manual{ida-pro,
 organization = {IDAPro disassembler},
 note = {\url{http://www.hex-rays.com/idapro/}},
 }


@manual{padraig-sec-10,
 organization = {Retrofitting security to COTS binaries},
 note = {\url{http://www-ece.umd.edu/~barua/security-techreport.pdf/}},
}

@inproceedings{ParallelAugust,
 author = {Vachharajani, Neil and et. al.},
 title = {Speculative Decoupled Software Pipelining},
 booktitle = {PACT '07: Proceedings of the 16th International Conference on Parallel Architecture and Compilation Techniques},
 year = {2007},
 isbn = {0-7695-2944-5},
 pages = {49--59},
 doi = {http://dx.doi.org/10.1109/PACT.2007.66},
 address = {Washington, DC, USA},
 }

@inproceedings{ParallelSohi,
 author = {Zilles, Craig and Sohi, Gurindar},
 title = {Master/slave speculative parallelization},
 booktitle = {Proceedings of the 35th annual ACM international symposium on Microarchitecture},
 year = {2002},
 isbn = {0-7695-1859-1},
 pages = {85--96},
 location = {Istanbul, Turkey},
 address = {CA, USA},
 }


@article{dagstuhl-reports-KingMRS12,
  author    = {Andy King and et. al.},
  title     = {Analysis of Executables: Benefits and Challenges},
  journal   = {Dagstuhl Reports},
  year      = {2012},
  pages     = {100-116},
  ee        = {http://dx.doi.org/10.4230/DagRep.2.1.100},
  bibsource = {DBLP, http://dblp.uni-trier.de}
}

@inproceedings{Cadar-KLEE,
 author = {Cadar, Cristian and Dunbar, Daniel and Engler, Dawson},
 title = {KLEE: unassisted and automatic generation of high-coverage tests for complex systems programs},
 booktitle = {Proceedings of the 8th USENIX conference on Operating systems design and implementation},
 series = {OSDI'08},
 year = {2008},
 location = {San Diego, California},
 pages = {209--224},
 numpages = {16},
 url = {http://dl.acm.org/citation.cfm?id=1855741.1855756},
 acmid = {1855756},
 publisher = {USENIX Association},
 address = {Berkeley, CA, USA},
} 

@inproceedings{Cadar-EXE,
 author = {Cadar, Cristian and et. al.},
 title = {EXE: automatically generating inputs of death},
 booktitle = {Proceedings of the 13th ACM conference on Computer and communications security},
 series = {CCS '06},
 year = {2006},
 isbn = {1-59593-518-5},
 location = {Alexandria, Virginia, USA},
 pages = {322--335},
 numpages = {14},
 url = {http://doi.acm.org/10.1145/1180405.1180445},
 doi = {10.1145/1180405.1180445},
 acmid = {1180445},
 address = {NY, USA},
 keywords = {attack generation, bug finding, constraint solving, dynamic analysis, symbolic execution, test case generation},
} 

@inproceedings{Song-Bitblaze,
 author = {Song, Dawn and et al.},
 title = {BitBlaze: A New Approach to Computer Security via Binary Analysis},
 booktitle = {Proceedings of the 4th International Conference on Information Systems Security},
 year = {2008},
 isbn = {978-3-540-89861-0},
 location = {Hyderabad, India},
 pages = {1--25},
 numpages = {25},
 url = {http://dx.doi.org/10.1007/978-3-540-89862-7_1},
 doi = {10.1007/978-3-540-89862-7_1},
 acmid = {1496257},
 address = {Berlin},
 keywords = {Binary analysis, malware analysis and defense, reverse engineering, vulnerability analysis and defense},
} 

@inproceedings{Brumley-BAP,
  author    = {David Brumley and
               Ivan Jager and
               Thanassis Avgerinos and
               Edward J. Schwartz},
  title     = {BAP: A Binary Analysis Platform},
  booktitle = {CAV},
  year      = {2011},
  pages     = {463-469},
  ee        = {http://dx.doi.org/10.1007/978-3-642-22110-1_37},
  crossref  = {DBLP:conf/cav/2011},
  bibsource = {DBLP, http://dblp.uni-trier.de}
}

@article{Chipounov-S2E,
 author = {Chipounov, Vitaly and Kuznetsov, Volodymyr and Candea, George},
 title = {S2E: a platform for in-vivo multi-path analysis of software systems},
 journal = {SIGPLAN Not.},
 issue_date = {March 2011},
 volume = {46},
 number = {3},
 month = mar,
 year = {2011},
 issn = {0362-1340},
 pages = {265--278},
 numpages = {14},
 url = {http://doi.acm.org/10.1145/1961296.1950396},
 doi = {10.1145/1961296.1950396},
 acmid = {1950396},
 publisher = {ACM},
 address = {New York, NY, USA},
 keywords = {analysis, binary, consistency models, dbt, framework, in-vivo, performance, symbolic execution, testing, virtualization},
} 

@inproceedings{Brumley-Mayhem,
  author    = {Sang Kil Cha and
               Thanassis Avgerinos and
               Alexandre Rebert and
               David Brumley},
  title     = {Unleashing Mayhem on Binary Code},
  booktitle = {IEEE Symposium on Security and Privacy},
  year      = {2012},
  pages     = {380-394},
  ee        = {http://doi.ieeecomputersociety.org/10.1109/SP.2012.31},
  crossref  = {DBLP:conf/sp/2012},
  bibsource = {DBLP, http://dblp.uni-trier.de}
}


@manual{Win-DEP,
 organization = {Data Execution prevention in Windows XP SP2},
 note = {\url{http://www.support.microsoft.com/kb/875352}},
 }

@manual{DARPA-BET,
 organization = {Announcement for Binary Executable Transforms},
 note = {\url{http://www07.grants.gov/search/search.do?&mode=VIEW&oppId=98737}},
 }

@manual{DARPA-BET1,
 organization = {Announcement for Binary Executable Transforms},
 note = {\url{http://www07.grants.gov/}},
 }

@INPROCEEDINGS{Wagner-afirst,
    author = {David Wagner and et. al.},
    title = {A First Step towards Automated Detection of Buffer Overrun Vulnerabilities},
    booktitle = {In Network and Distributed System Security Symposium},
    year = {2000},
    pages = {3--17}
}

@article{Bush-static,
 author = {Bush, William R. and et. al.},
 title = {A static analyzer for finding dynamic programming errors},
 journal = {Softw. Pract. Exper.},
 issue_date = {June 2000},
 volume = {30},
 number = {7},
 month = jun,
 year = {2000},
 issn = {0038-0644},
 pages = {775--802},
 numpages = {28},
 url = {http://dx.doi.org/10.1002/(SICI)1097-024X(200006)30:7<775::AID-SPE309>3.0.CO;2-H},
 doi = {10.1002/(SICI)1097-024X(200006)30:7<775::AID-SPE309>3.0.CO;2-H},
 acmid = {348428},
 publisher = {John Wiley \& Sons, Inc.},
 address = {New York, NY, USA},
 keywords = {program analysis, program error checking},
} 

@INPROCEEDINGS{bandera-extracting,
    author = {James C. Corbett and Matthew B. Dwyer and John Hatcliff and Shawn Laubach and Corina S. Pasareanu and Hongjun Zheng},
    title = {Bandera: Extracting Finite-state Models from Java Source Code},
    booktitle = {IN PROCEEDINGS OF THE 22ND INTERNATIONAL CONFERENCE ON SOFTWARE ENGINEERING},
    year = {2000},
    pages = {439--448},
    publisher = {ACM Press}
}


@manual{boomerang,
 organization = {Boomerang Decompiler},
 note = {\url{http://boomerang.sourceforge.net/}},
 }

@manual{hex-rays,
 organization = {Hex-Rays Decompiler},
 note = {\url{http://www.hex-rays.com/}},
 }

@manual{gramma-tech,
 organization = {Code Surfer by GrammaTech},
 note = {\url{http://www.grammatech.com//}},
 }

@manual{zynamics,
 organization = {Bindiff by Zynamics},
 note = {\url{http://www.zynamics.com//}},
 }

@manual{veracode,
 organization = {Application Security testing -  Veracode},
 note = {\url{http://www.zynamics.com//}},
 }


@inproceedings{dyninst94,
 author = {Jeffrey K. Hollingsworth and Barton P. Miller and Jon Cargille},
 title = {Dynamic Program Instrumentation for Scalable Performance Tools},
 month = {May},
 year = {1994},
 publisher = {Scalable High Performance Computing Conference}
 }
 
@inproceedings{tso-binary,
 author = {Wang, Cheng and Wu, Youfeng},
 title = {Modeling and Performance Evaluation of TSO-Preserving Binary Optimization},
 booktitle = {Proceedings of the 2011 International Conference on Parallel Architectures and Compilation Techniques},
 series = {PACT '11},
 year = {2011},
 isbn = {978-0-7695-4566-0},
 pages = {383--392},
 numpages = {10},
 url = {http://dx.doi.org/10.1109/PACT.2011.69},
 doi = {10.1109/PACT.2011.69},
 acmid = {2121465},
 publisher = {IEEE Computer Society},
 address = {Washington, DC, USA},
 keywords = {Total Store Ordering, Binary Optimization, TSO-preserving optimization},
} 

@ARTICLE{jalapeno-vm, 
author={Alpern, B. and et. al.}, 
journal={IBM Systems Journal}, title={The Jalapeno virtual machine}, 
year={2000}, 
month={ }, 
volume={39}, 
number={1}, 
pages={211 -238}, 
keywords={}, 
doi={10.1147/sj.391.0211}, 
ISSN={0018-8670},}


@inproceedings{SC-compiler,
 author = {Marino, Daniel and et. al.},
 title = {A case for an SC-preserving compiler},
 booktitle = {Proceedings of the 32nd ACM SIGPLAN conference on Programming language design and implementation},
 series = {PLDI '11},
 year = {2011},
 isbn = {978-1-4503-0663-8},
 location = {San Jose, California, USA},
 pages = {199--210},
 numpages = {12},
 url = {http://doi.acm.org/10.1145/1993498.1993522},
 doi = {10.1145/1993498.1993522},
 acmid = {1993522},
 publisher = {ACM},
 address = {New York, NY, USA},
 keywords = {interference checks, memory consistency models, sc preservation, sequential consistency},
} 

@INPROCEEDINGS{smc-still, 
author={Xinran Wang and et. al.}, 
booktitle={Computer Security Applications Conference, Annual}, 
title={STILL: Exploit Code Detection via Static Taint and Initialization Analyses}, 
year={2008}, 
volume={}, 
number={}, 
pages={289 -298}, 
keywords={Internet service;STILL;control flow graph;data stream;exploit code detection;indirect jump code obfuscation behavior;self-modifying code detection;static analysis;static taint-and-initialization analyses;Web services;flow graphs;program diagnostics;}, 
doi={10.1109/ACSAC.2008.37}, 
ISSN={1063-9527},}




