%%kiran.bib%%
@phdthesis{Muth99,
    Author="Robert Muth",
    Key="Muth99",
    Title="{ALTO: A Platform for Object Code Modificiation}",
    School="University of Arizona, Tucson, AZ",
    Month="",
    Year="1999"
}

@phdthesis{Ben02,
    Author="Ben W Schwarz",
    Key="Ben02",
    Title="{Post Link-Time Optimization on the Intel IA-32 Architecture}",
    School="University of Arizona, Tucson, AZ",
    Month="May",
    Year="2002"
}

@TechReport{Muth99tr,
 author = {Robert Muth and Saumya Debray and Scott Watterson and Koen De Bosschere},
 title = "{ALTO: A Link-Time Optimizer for the Compaq Alpha}",
 type = "{Technical Report 96-15}",
 institution = "{University of Arizona, Tucson, AZ}",
 address = "{Department of Computer Science}",
 month = "June",
 year = "1996"
}

@Article{Liu,
    Author="Shiliang Liu and Weiming Zhao",
    Key="Liu",
    Title="{Register Allocation Algorithms}",
    institution = "{Michigan Technological University}",
    address = "{Department of Computer Science}",
    note={\url{http://www.cs.mtu.edu/~sliu/raa.pdf}}
}
%%end%%

@inproceedings{Marathe03,
 author = {Jaydeep Marathe and Frank Mueller and Tushar Mohan and Bronis R. de Supinski and Sally A. McKee and Andy Yoo},
 title = {METRIC: tracking down inefficiencies in the memory hierarchy via binary rewriting},
 booktitle = {CGO '03: Proceedings of the international symposium on Code generation and optimization},
 year = {2003},
 isbn = {0-7695-1913-X},
 pages = {289--300},
 location = {San Francisco, California},
 publisher = {IEEE Computer Society},
 address = {Washington, DC, USA},
 }

@inproceedings{Huneycutt02,
 author = {Chad M. Huneycutt and Joshua B. Fryman and Kenneth M. Mackenzie},
 title = {Software Caching using Dynamic Binary Rewriting for Embedded Devices},
 booktitle = {ICPP '02: Proceedings of the 2002 International Conference on Parallel Processing (ICPP'02)},
 year = {2002},
 isbn = {0-7695-1677-7},
 pages = {621},
 publisher = {IEEE Computer Society},
 address = {Washington, DC, USA},
 }

@article{Sirer99,
 author = {Emin G\"{u}n Sirer and Robert Grimm and Arthur J. Gregory and Brian N. Bershad},
 title = {Design and implementation of a distributed virtual machine for networked computers},
 journal = {SIGOPS Oper. Syst. Rev.},
 volume = {33},
 number = {5},
 year = {1999},
 issn = {0163-5980},
 pages = {202--216},
 doi = {http://doi.acm.org/10.1145/319344.319165},
 publisher = {ACM Press},
 address = {New York, NY, USA},
 }
