@inproceedings{sinha:dac:2001,

 author = { A. Sinha and A. Chandrakasan},

 title = { JouleTrack: a web based tool for software energy profiling },

 year = {2001},

 pages = { 220--225},

 }

@inproceedings{tiwari:tvlsi:1994,

 author = { V. Tiwari and S. Malik and A. Wolfe},

 title = { Power analysis of embedded software: A first step towards software power minimization.},

 year = {1994},

 pages = { 437--445 },

 publisher = {IEEE Transactions on Very Large Scale Integration (VLSI) Systems}
 }

@article{intel-ixp02,

   author =       {M. Adiletta and M. Rosenbluth and D. Bernstein and G. Wolrich and H. Wilkinson},

   Key =          "",

   title =        "{The Next Generation of Intel IXP Network Processors}",

   journal =      "Intel Technology Journal",

   volume = 6,

   number = 3,

   month =        aug,

   year =         "2002",

   Note="http://developer.intel.com/technology/itj/2002/volume06issue03/"

 }


@manual(adsp-21160m,

     Key="Analog Devices",

     Title="{SHARC ADSP-21160M 32-bit Embedded CPU}",

     address="Analog Devices",

     note="http://\-www.analog.com\-/processors\-/processors\-/sharc\-/index.html",

     year="2001")


@manual(pocketQuickenMan,

     Key="Clinton Logan, Dan Rowley and LandWare, Inc.",

     Title="Pocket Quicken PPC20 Manual",

     address="Clinton Logan, Dan Rowley and LandWare, Inc.",

     note="http://\-www.landware.com\-/downloads\-/MANUALS\-/PocketQuickenPPC20Manual.pdf",

     year="April 2003")


@manual(planMakerMan,

     Key="SoftMaker Software GmbH",

     Title="Plan Maker 2004 Manual",

     address="SoftMaker Software GmbH",

     note="http://www.softmaker.net/down/pm2004manualen.pdf",

     year="2004")


@manual(phatnoteMan,

     Key="PhatWare Corp.",

     Title="PhatNotes Professional Edition Version 4.7 User's Guide",

     address="PhatWare corp.",

     note="http://www.phatware.com/doc/PhatNotesPro.pdf",

     year="2006")


@inproceedings{Angiolini04,

     author = {Federico Angiolini and Francesco Menichelli and Alberto Ferrero and Luca Benini and Mauro Olivieri},

     title = {A post-compiler approach to scratchpad mapping of code},

     booktitle = {Proceedings of the 2004 international conference on Compilers, architecture, and synthesis for embedded systems},

    year = {2004},

     isbn = {1-58113-890-3},

     pages = {259--267},

    location = {Washington DC, USA},

    doi = {http://doi.acm.org/10.1145/1023833.1023869},

     publisher = {ACM Press},
 }

@inproceedings{Angiolini03,

 author = {Federico Angiolini and Luca Benini and Alberto Caprara},

 title = {Polynomial-time algorithm for on-chip scratchpad memory partitioning},

 booktitle = {Proceedings of the 2003 international conference on Compilers, architectures and synthesis for embedded systems},

 year = {2003},

 isbn = {1-58113-676-5},

 pages = {318--326},

 location = {San Jose, California, USA},

 doi = {http://doi.acm.org/10.1145/951710.951751},

 publisher = {ACM Press}
 }


@manual(arm968e-s,

     Key="ARM",

     Title="{ARM968E-S 32-bit Embedded Core}",

     address="Arm",

     note="http://\-www.arm.com/\-products/\-CPUs/\-ARM968E-S.html",

     year="Revised March 2004 ")


 @manual(atmelc140,

     Key="Atmel",

     Title="{Atmel AT91C140 16/32-bit Embedded CPU}",

     address="Atmel",

     note="http://www.atmel.com/\-dyn/\-resources/\-prod\_documents/\-doc6069.pdf",

     year="Revised May 2004")


@Article(Avissar02,
    Author="Oren Avissar and Rajeev Barua and Dave Stewart",

    Key="scratch pad memory allocation",

    Title="{An Optimal Memory Allocation Scheme for Scratch-Pad Based Embedded Systems}",

    Journal="ACM Transactions on Embedded Systems (TECS)",

    volume = 1,

    number = 1,

    Month="September",

    Year="2002")

@InProceedings(Avissar01,

    Author="Oren Avissar and Rajeev Barua and Dave Stewart",

    Key="Oren's paper",

    Title="{Heterogeneous Memory Management for Embedded Systems}",

    BookTitle="Proceedings of the ACM 2nd International Conference on Compilers, Architectures, and Synthesis for Embedded Systems (CASES)",

    City="Atlanta, GA",

    Month="November",

    Year="2001",

    Note="Also at http://www.ece.umd.edu/$\sim$barua")


@InProceedings(Banakar02,

    Author="R. Banakar and S. Steinke and B-S. Lee and M. Balakrishnan and P. Marwedel",

    Key="Banakar02",

    Title="{Scratchpad Memory:  A Design Alternative for Cache On-chip memory in Embedded Systems}",

    BookTitle="Tenth International Symposium on Hardware/Software Codesign (CODES)",

    Publisher="ACM",

    Address="Estes Park, Colorado",

    Month="May 6-8",

    Year="2002",

     Note="")


@inproceedings{ bennett,

    author = "J. K. Bennett and J. B. Carter and W. Zwaenepoel",

    title = "Adaptive Software Cache Management for Distributed Shared Memory Architectures",

    booktitle = "Proc. of the 17th Annual Int'l Symp. on Computer Architecture ({ISCA}'90)",

    pages = "125--135",

    year = "1990",

    }

@manual(ARMv6,

    Author="David Brash",

    Title="{The ARM architecture Version 6 (ARMv6)}",

    organization="ARM Ltd.",

     note="White Paper",

    Month="January",

    Year="2002")


@article{ carlisle,

author = "Martin C. Carlisle and Anne Rogers",

title = "Software caching and computation migration in {Olden}",

journal = "Journal of Parallel and Distributed Computing",

volume = "38",

number = "2",

pages = "248--255",

year = "1996",

url = "citeseer.nj.nec.com/carlisle95software.html" }


@misc{CodeSourcery,

    author = {CodeSourcery},

    title = {},

    Note="http://www.codesourcery.com/"
 }



@manual(ARM7,

    Title="{ARM7TDMI-S Data sheet}",

    organization="Document No. ARM DDI 0084D, ARM Ltd.",

     note="",

    Month="October",

    Year="1998")



@Article(Angelo05,
    Author="Angel Dominguez and Sumesh Udayakumaran and Rajeev Barua",
    Key="heap method",
    Title="{Heap Data Allocation to Scratch-Pad Memory in Embedded Systems}",
    Journal="In Journal of Embedded Computing(JEC)",
    volume = 1,
    number = 4,
    address={},
    year = {2005},
    note="{IOS Press, Amsterdam, Netherlands}")


 @InProceedings{hallnor00,

   author = "G. Hallnor and S. K. Reinhardt",

   Key="software cache",

   title = "{A fully associative software-managed cache design}",

   booktitle = "Proc. of the 27th Int'l Symp. on Computer Architecture (ISCA)",

   address = "Vancouver, British Columbia, Canada",

   month = "June",

   year = "2000",

 }


@misc{ Handango001,

 author = {Handango},

 title = {Downloadable Software},

 Note="http://www.handango.com/"
 }


@misc{ HP,

 author = {M.T BOHR and B. Doyle and J. Kavalieros and D. Barlage and
A. Murthy and M. Doczy and R. Rios and T. Linton and R. Arghavani and
B. Jin and S. Datta and S. Hareland},

 title = {Intel´s 90 nm Technology: Moore´s Law and More},

 year = "September 2002",
 Note = "Document Number: [IR-TR-2002-10]"
 }

@misc{ Handango002,

 author = {Handango},

 title = {Downloadable Software},

 Note="http://www.handango.com/hp/PlatformSoftwareSection.jsp"
 }


@misc{PhatNote,

 author = {Phatware},

 title = {Downloadable Software},

 Note="http:\-//www.phatware.com/\-phatnotes/"

}

@misc{ PlanMaker,

 author = {Softmaker},

 title = {Downloadable Software},

 Note="http://www.softmaker.de"


}

@misc{ PocketQuicken,

 author = {Landware},

 title = {Downloadable Software},

 Note="http:\-//www.landware.com/\-pocketquicken/"


}

@misc{ PocketSlideShow,

 author = {Cnetx},

 title = {Downloadable Software},

 Note="http:\-//www.cnetx.com/\-slideshow/"


}



@book{hennessy96,

    AUTHOR = {John Hennessy and David Patterson},

    TITLE = "{Computer Architecture A Quantitative Approach}",

    PUBLISHER = {Morgan Kaufmann},

    Edition="second",

    YEAR = {1996},

    ADDRESS = {Palo Alto, CA}

}

@inproceedings{Hiser04,

 author = {Jason D. Hiser and Jack W. Davidson},

 title = {EMBARC: an efficient memory bank assignment algorithm for retargetable compilers},

 booktitle = {Proceedings of the 2004 ACM SIGPLAN/SIGBED conference on Languages, compilers, and tools for embedded systems},

 year = {2004},

 isbn = {1-58113-806-7},

 pages = {182--191},

 location = {Washington, DC, USA},

 doi = {http://doi.acm.org/10.1145/997163.997190},

 publisher = {ACM Press},
 }


 @manual(m32192,

     Key="Hitachi/Renesas ",

     Title="{M32R-32192 32-bit Embedded CPU}",

     address="Hitachi/Renesas",

     note="http://\-documentation.\-renesas.\-com/\-eng/\-products/\-mpumcu/\-rej03b0019\_\-32192ds\-.pdf ",

     year="Revised July 2004")



@manual(sh7050,

     Key="Hitachi/Renesas",

     Title="{SH7050 32-bit CPU}",

     address="Hitachi/Renesas",

     note="http://\-documentation.\-renesas.\-com/eng\-/products\-/mpumcu\-/e602121\_sh7050\-.pdf",

     year="Revised Sep. 1999")


@inproceedings{huneycutt,

author = "C. Huneycutt and K. Mackenzie",

title = "Software Caching using Dynamic Binary Rewriting for Embedded Devices",

pages = "621-630",

booktitle = "Proceedings of the International Conference on Parallel Processing",

 year = "2002",

  }


@book{cplex01,

    AUTHOR = "{ILOG Corporation}",

    TITLE = "{The CPLEX optimization suite}",

    PUBLISHER = "{http://www.ilog.com/products/cplex/}",

    YEAR = {2001}

}


@manual(xc166,

     Key="Infineon",

     Title="{XC-166 16-bit Embedded Family}",

     address="Infineon",

      note="http://\-www.infineon.com/\-cmc\_upload/\-documents/\-036/\-812/\-c166sv2um.pdf",

     year="Revised Jan. 2001")



@article{ iyengar,
author = "Arun Iyengar",
title = "Design and Performance of a General-Purpose Software cache",
journal = "Journal of Parallel and Distributed Computing",
volume = "38",
number = "2",
pages = "248--255",
year = "1996",
 }

@InProceedings{kandemirdac02,

    author = "M.Kandemir and J.Ramanujam and M.J.Irwin and N.Vijaykrishnan and I.Kadayif and A.Parikh",

    Title = "{Dynamic Management of Scratch-Pad Memory Space}",

    booktitle = "Design Automation Conference",

    pages = "690-695",

    year = "2001",

    }



 @manual(matlab,

     Key="Matlab math lab",

     Title="{Matlab 6.1}",

     address="The Math Works, Inc.",

         note="http://www.mathworks.com/products/matlab/",

     year="2001")


@InProceedings(moritz00,

     Author="Csaba Andras Moritz and Matthew Frank and Saman Amarasinghe",

     Key="software cache",

     Title="{FlexCache: A Framework for Flexible Compiler Generated Data Caching}",

     BookTitle="The 2nd Workshop on Intelligent Memory Systems",

     Address="Boston, MA",

     Month="November 12",

     Year="2000")


@manual(mot-6812,

     Key="Motorola 6812 embedded processor",

     Title="{CPU12 Reference Manual}",

     address="Motorola Corporation",

      note="(A 16-bit processor).  http:\-//e-www.\-motorola.\-com/\-brdata/\-PDFDB/\-MICROCONTROLLERS/\-16\_BIT/68HC12\_FAMILY/REF\_MAT/CPU12RM.pdf",

     year="2000")


@manual(mot-mcore,

     Key="Motorola M-core mcore",

     Title="{M-CORE - MMC2001 Reference Manual}",

     address="Motorola Corporation",

     note="(A 32-bit processor).  http://\-www.motorola.com/\-SPS/\-MCORE/\-info\_documentation.htm",

     year="1998")


@Article(panda00,

    Author="P. R. Panda and N. D. Dutt and A. Nicolau",

    Key="heterogeneous memory partitioning",

    Title="{On-Chip vs. Off-Chip Memory: The Data Partitioning Problem in Embedded Processor-Based Systems}",

    Journal="ACM Transactions on Design Automation of Electronic Systems",

    Month="July",

    Year="2000",

    Volume="5",

    Number="3")


@inproceedings{ioannis,

 author = "Ioannis Schoinas and Babak Falsafi and Alvin R. Lebeck and Steven K. Reinhardt and James R.Larus and David A. Wood",

 title = "{Fine-grain Access Control for Distributed Shared Memory}",

pages = "297-306",

booktitle = "Proceedings of the Sixth International Conference on Architecture Support for Programming Languages and Operating Systems",

 year = "1994",

  }



 @article{lctes-panel03,

   author =       "LCTES Panel",
   Key =          "scratch pad is common",
   title =        "{Compilation Challenges for Network Processors}",
   journal =      "Industrial Panel, ACM Conference on Languages, Compilers and Tools for Embedded Systems (LCTES)",
   address =      "San Jose, CA",
   month =        "June",
   year =         "2003",
   note =         "{Slides at http://www.cs.purdue.edu/s3/LCTES03/}"
 }

@Article(Sjodin98,

        Author="Jan Sjodin and Bo Froderberg and Thomas Lindgren",

        Key="global data allocation to on-chip ram",

        Title="{Allocation of Global Data Objects in On-Chip RAM}",

        Journal="Compiler and Architecture Support for Embedded Computing Systems",

        Month="December",

        Year="1998"

)

@manual(ti-tms-370,

     Key="Texas instruments",

     Title="{TMS370Cx7x 8-bit microcontroller}",

     address="Texas Instruments",

      note="http://www-s.ti.com/sc/psheets/spns034c/spns034c.pdf",

     year="Revised Feb. 1997")


@inproceedings{Udayakumaran03,

 author = {Sumesh Udayakumaran and Rajeev Barua},

 title = {Compiler-decided dynamic memory allocation for scratch-pad based embedded systems},

 booktitle = {Proceedings of the international conference on Compilers, architectures and synthesis for embedded systems (CASES)},

 year = {2003},

 isbn = {1-58113-676-5},

 pages = {276--286},

 location = {San Jose, California, USA},

 doi = {http://doi.acm.org/10.1145/951710.951747},

 publisher = {ACM Press},

 }

@inproceedings{unsal,

    author = "Osman S. Unsal and Rakshit Ashok and Israel Koren and C. Manik Krishna and Csaba Andras Moritz",

    title = "Cool-cache for hot multimedia",

    booktitle = "Proceedings of the International Symposium on Microarchitecture",

    pages = "274-283",

    year = "1990",

    }


@Article(Sjodin01,

        Author="Jan Sjodin and Carl Von Platen",

        Key="Storage Allocation for Embedded Processors",

        Title="{Storage Allocation for Embedded Processors}",

        Journal="Compiler and Architecture Support for Embedded Computing Systems",

        Month="November",

        Year="2001"

)



@misc{ Xi-art,

 author = {Xi-art},

 title = {Downloadable Software},

 Note="http://www.xi-art.com/" }

}


 @inproceedings{Steinke02,
 author = {S. Steinke and L. Wehmeyer and B. Lee and P. Marwedel},
 title = {Assigning Program and Data Objects to Scratchpad for Energy Reduction},
 booktitle = {Proceedings of the conference on Design, automation and test in Europe},
 year = {2002},
 pages = {409},
 publisher = {IEEE Computer Society},
 }


 @inproceedings{Steinke02-b,
 author = {S. Steinke and N. Grunwal and L. Wehmeyer and R. Banakar and M. Balakrishnan and and P. Marwedel},
 title = {Reducing Energy Consumption by Dynamic Copying of Instructions onto Onchip Memory},
 booktitle = {Proceedings of the 15th International Symposium on System Synthesis (ISSS) (Kyoto, Japan)},
 year = {2002},
 publisher = {ACM},
 }

 @inproceedings{Verma04,
 author = {Manish Verma and Lars Wehmeyer and Peter Marwedel},
 title = {Cache-Aware Scratchpad Allocation Algorithm},
 booktitle = {Proceedings of the conference on Design, automation and test in Europe},
 year = {2004},
 isbn = {0-7695-2085-5-2},
 pages = {21264},
 publisher = {IEEE Computer Society},
 }

 @inproceedings{Verma04-b,
 author = {Manish Verma and Lars Wehmeyer and Peter Marwedel},
 title = {Dynamic overlay of scratchpad memory for energy minimization},
 booktitle = {International conference on Hardware/Software Codesign and System Synthesis(CODES+ISSS)},
 year = {2004},
 publisher = {ACM},
 }

 @InProceedings(Wehmeyer04-1,

     Author="Lars Wehmeyer and Urs Helmig and Peter Marwedel ",

     Key="SPM-Energy",

     Title="Compiler-optimized Usage of Partitioned Memories",

    BookTitle="Proceedings of the 3rd Workshop on Memory Performance Issues (WMPI2004)",

     Year="2004")

@manual(intel-flash-datasheet,
      Key="Intel Flash",
      Title="Intel wireless flash memory (W30) ",
      address="Intel Corporation",
  note="http://www.intel.com/design/flcomp/datashts/290702.htm"
      )

@inproceedings(micron-designline01,
     Key="Micron",
     author = {Jeff Janzen},
     Title="{Calculating Memory System Power for DDR SDRAM}",
     booktitle = "{DesignLine Journal}",
     publisher="{Micron Technology Inc.}",
     volume = "{10(2)}",
     note="http://www.micron.com/publications/designline.html",
     year="2001")


 @InProceedings(Carley01,
     Author="T.W.Carley and D.B.Stewart",
     Key="CarleyStewart",
     Title="{Visual aspect-oriented programming of resource constrained real-time embedded systems using the port-based object model of computation}",
     BookTitle="OOPSLA Workshop on Domain Specific Visual Languages",
     Month="October",
     Year="2001",
     Note="http://www.isis.vanderbilt.edu/oopsla2k1/Papers/Carley.pdf")

 @manual(motorola-68HC,
     Key="heterogeneous memory embedded chip",
     Title="{Motorola MC68HC912B32 16-bit Microcontroller, Technical Summary.}",
     address="Motorola",
         note="Also available at www.motorola.com",
     year="1997")

 @book(Stewart92,
     Author="D.B.Stewart and P.K.Khosla",
     Title="{Real-Time Scheduling of Sensor-Based Control Systems}",
     BookTitle="Real-Time Programming; Eds, W. Halang and K. Ramamritham",
     publisher="Pergamon Press Inc.",
     pages="139-144",
     Year="1992",
)

@Article(Bhat2000x6,
    Author="S. S. Bhattacharyya and R. Leupers and P. Marwedel",
    Key="code size minimization",
    Title="{Software synthesis and code generation for DSP}",
    Journal="IEEE Transactions on Circuits and Systems -- II: Analog and Digital Signal Processing",
    Volume="47",
    Number="9",
    Pages="849-875",
    Month="September",
    Year="2000",
        Note="")

 @InProceedings(haga01,
     Author="Steve Haga and Rajeev Barua",
     Key="template scheduling",
     Title="{EPIC Instruction Scheduling Based on Optimal Approaches}",
     BookTitle="1st Annual Workshop on Explicitly Parallel Instruction
          Computing Architectures and Compiler Technology (EPIC)",
     Address="Austin, TX",
     Month="December",
     Year="2001",
         Note="Also at http://www.ece.umd.edu/$\sim$barua"
  )

@string {SIGPLAN01 = "Proceedings of the
                        {SIGPLAN} '01 Conference on Program Language
                        Design and Implementation"}

@InProceedings{appel01,
        Author    = {Andrew Appel and Lal George},
        key       = "0/1 integer linear programming",
        Title     = "{Optimal Spilling for CISC Machines with Few Registers}",
        Booktitle = SIGPLAN01,
        Address   = "Snowbird, UT",
        Month     = "June",
        Year      = 2001,
}

@book{linear-prog-website99,
    AUTHOR = "{New York City, Office of Budget and Management}",
        key="linear programming website",
    TITLE = "{Website on frequently asked questions on linear programming}",
    PUBLISHER = "{http://www.eden.rutgers.edu/$\sim$pil/FAQ.html}",
    YEAR = {1999},
    ADDRESS = {New York, NY}
}


@book{cplex01,
    AUTHOR = "{ILOG Corporation}",
    TITLE = "{The CPLEX optimization suite}",
    PUBLISHER = "{http://www.ilog.com/products/cplex/}",
    YEAR = {2001}
}

 @InProceedings{BaruaMaps99,
   author = "Rajeev Barua and Walter Lee
         and Saman Amarasinghe and Anant Agarwal",
   title = "{Maps: A Compiler-Managed Memory System for Raw Machines}",
   booktitle = "Proc. of the 26th Int'l Symp. on Computer Architecture",
   address = "Atlanta, GA",
   month = may,
   year = "1999",
 }

@book{hennessy02,
    AUTHOR = {John Hennessy and David Patterson},
    TITLE = "{Computer Architecture A Quantitative Approach}",
    PUBLISHER = {Morgan Kaufmann},
        Edition="third",
    YEAR = {2002},
    ADDRESS = {Palo Alto, CA}
}

 @Article{Rosenthal92,
     author = {S. Rosenthal},
     title = "{Good programmers don't need C++ to think for them}",
     journal = {Personal Engineering \& Instrumentation News},
     MONTH = "July",
     year = {1992},
 }

 @Article{Ganssle00,
     author = {J. Ganssle},
     title = "{Banking Basics}",
     journal = {The Ganssle Group Articles Online},
     year = {2000},
     note="http://\-www.ganssle.com/\-articles/\-banking.htm"
 }

 @Article{Grehan99,
     author = {Rick Grehan},
     title = "{The 64K ceiling}",
     journal = {Embedded Systems Programming},
     MONTH = "February",
     year = {1999},
     note="http://\-www.embedded.com\-/1999\-/9902/\-9902sr.htm"
 }

 @TechReport(Brylow00,
     Author="D. Brylow and N. Damgaard and J. Palsberg",
     Key="Stack size estimation",
     Title="{Stack-size Estimation for Interrupt-driven Microcontrollers}",
     Institution="Purdue University",
     Month="June",
     Year="2000",
     note="http://\-www.brics.dk/\-~damgaard/\-Download/\-zilog-test.pdf")

 @Article{aos01,
     author = {The Aspect-Oriented Steering Committee},
     journal = "{The Aspect-Oriented Online Resource}",
     note = "{http://aosd.net}",
     year = {2001}
 }

@Article(Elrad01,
    Author="Tzilla Elrad and Robert E. Filman and Atef Bader",
    Key="Aspect-oriented software",
    Title="{Aspect-oriented programming: Introduction}",
    Journal="Communications of the ACM ",
    Volume="44",
    Number="10",
    Pages="29-32",
    Month="October",
    Year="2001",
        Note="")

@TechReport{Barahona99,
  author =  "Francisco Barahona and Ranga Anbil",
  title =   "{On Some Difficult Linear Programs Coming from Set Partitioning}",
  institution =     "IBM",
  year =    "1999",
  type =    "{\it IBM Research Report}",
  number =  "21410",
  address =     "IBM Research Division, Yorktown Heights, NY",
  month =   "February",
  note =    "Also at http://\-www.research\-.ibm.com/"
}

@inproceedings{ bestavros,
    author = "Azer Bestavros and Robert L. Carter and Mark E. Crovella and Carlos R. Cunha and Abddsalam Beddaya and Sulaiman A.Mirdad ",
    title = "Application-level Document Caching in the Internet",
    booktitle = "Proceedings of the Second Intl. Workshop on Services in Distributed and Networked Environments (SDNE)'95",
    pages = "125--135",
    year = "1990",
    }

@article{ iyengar,
author = "Arun Iyengar",
title = "Design and Performance of a General-Purpose Software cache",
journal = "Journal of Parallel and Distributed Computing",
volume = "38",
number = "2",
pages = "248--255",
year = "1996",
 }

 @book(Appel98,
     Author="Andrew W. Appel and Maia Ginsburg",
     Key="tiger book",
     Title="{Modern Compiler Implementation in C}",
     publisher="Cambridge University Press",
     month="January",
     Year="1998"
)

@InProceedings{Wolf90,
    Author="Wolf, Michael E. and Lam, Monica S.",
    Key="Wolf",
    Title="{A Loop Transformation Theory and an Algorithm to Maximize
Parallelism}",
    BookTitle="The Third Workshop on Programming Languages and Compilers
for Parallel Computing",
    Note="Irvine, CA",
    Month="August",
    Year="1990"}

@incollection(barua96,
    Author="R. Barua and D. Kranz and A. Agarwal",
    Key="barua95",
    Title="{Communication-Minimal Partitioning of Parallel Loops and
    Data Arrays for Cache-Coherent Distributed-Memory Multiprocessors}",
    Booktitle="{Languages and Compilers for Parallel Computing}",
    Publisher="Springer-Verlag Publishers",
    Year="August 1996",
    Chapter="",
    Pages="350-368",
    Note="")

@InProceedings{McKinleyTem96,
  Author = "Kathryn S. McKinley and Olivier Temam",
  Title = "A Quantitative Analysis of Loop Nest Locality",
  Booktitle = "Proceedings of the Seventh International Conference on
        Architectural Support for Programming Languages and Operating Systems",
  Address = "Cambridge, Massachusetts",
  Month = "October 1--5,",
  Year = 1996,
  Pages = "94-104"
}
@InProceedings(Carr94,
    Author="Steve Carr and Kathryn S. McKinley and Chau-Wen Tzeng",
    Key="Carr94",
    Title="{Compiler Optimization for Improving Data Locality}",
    BookTitle="Sixth International Conference on Architectural Support for Programming Languages and Operating Systems (ASPLOS VI)",
    Pages="252-262",
    Month="October",
    Year="1994")

@InProceedings {Steensgaard96:POPL96,
        Author    = {Bjarne Steensgaard},
        Title     = {Points-to Analysis in Almost Linear Time},
        Booktitle = "Symposium on Principles of Programming Languages (POPL)",
        Address   = {St. Petersburg Beach, FL},
        Month     = Jan,
        Year      = 1996,
}

@string {SIGPLAN00 = "Proceedings of the
                        {SIGPLAN} '00 Conference on Program Language
                        Design and Implementation"}
@InProceedings{Das:PLDI00,
        Author    = {Manuvir Das},
        Title     = "{Unification-based pointer analysis with directional assignments}",
        Booktitle = SIGPLAN00,
        Address   = "Vancouver, BC",
        Month     = "June",
        Year      = 2000,
        pages = "35-46",
}

@inproceedings{sinhadac01,
    author = "Amit Sinha and Anantha Chandrakasan",
    Title = "{JouleTrack - A Web Based Tool for Software Energy Profiling}",
    booktitle = "Design Automation Conference",
    pages = "220-225",
    year = "2001",
     }

@Article(gupta-todaes-submission02,
    Author="T. Vinod K. Gupta  and Rajeev Barua",
    Key="TODAES submission",
    Title="{Multi-Objective Design Space Exploration using Compiler Predictions}",
    Journal="Submitted to ACM Transactions on Design Automation of Electronic Systems (TODAES)",
    Year="2002")

@MastersThesis{gupta-ms02,
  author =  "T. Vinod K. Gupta",
  title =   "{Multi-Objective Design Space Exploration using Compiler Predictions}",
  school =  "University of Maryland, College Park",
  year =    "2002",
  OPTaddress =  "Department of Electrical and Computer Engineering",
  OPTmonth =    "August",
  OPTnote =     ""
}

@inproceedings{Callahan91,
    AUTHOR = {David Callahan and Ken Kennedy and Allan Porterfield},
    TITLE = "{Software Prefetching}",
    booktitle = "Fourth International Conference on Architectural Support for Programming Languages and Operating Systems (ASPLOS IV)",
    Pages="40-52",
    Organization="ACM",
    month  = "April",
    year   = 1991}

@InProceedings{LukMow98,
  author =   {Chi-Keung Luk and Todd C. Mowry},
  title =    "{Cooperative instruction prefetching in modern processors}",
  booktitle =    {Proceedings of the 31st annual ACM/IEEE international symposium on
                  Microarchitecture},
  year =     {1998},
  month =    {November 30-December 2},
  pages =        {182-194},
}

@InProceedings(yi02,
    Author= "Zhang Yi and Steve Haga and Rajeev Barua",
    Title="{Execution History Guided Instruction Prefetching}",
    BookTitle="{Proceedings of the International Conference on
        Supercomputing (ICS)}",
    Pages=  "",
    Publisher="ACM",
    Address="New York, NY",
    Month="June",
    Year="2002",
    Note="")

@phdthesis(Bringmann95,
    Author="R. A. Bringmann",
    Key="Bringmann95",
    Title="{Compiler-Controlled Speculation}",
    address="Department of Computer Science",
    School="University of Illinois, Urbana, IL",
    Month="",
    Year="1995")

@InProceedings(Larson00,
    Author="Eric Larson and Todd Austin",
    Title="{Compiler controlled value prediction using branch predictor based confidence}",
    BookTitle="Proceedings of the 33th Annual International Symposium
        on Microarchitecture (MICRO-33)",
    Publisher="IEEE Computer Society",
    Month="December",
    Year="2000")

@InProceedings(Belady,
    Author="L.A. Belady.",
    Key="Offline Paging",
    Title="A study of replacement algorithms for virtual storage.",
    BookTitle="IBM Systems Journal",
    Pages="5:78-101",
    Year="1966",
    )

@Article{lee-power-97,
   author =       {T-C. Lee and V. Tiwari and S. Malik and M.Fujita},
   Key =          "embedded power",
   title =        "{Power Analysis and Minimization Techniques for Embedded DSP Software}",
   journal =      "IEEE  Transactions on VLSI Systems",
   month =        mar,
   year =         "1997"
 }

%% Following papers related to HEAP -> STACK CONVERSION.
%%   Includes papers on region-based alloc, escape analysis

%% (1) Stack allocation of heap data

@inproceedings{Blanchet98,
 author = {Bruno Blanchet},
 title = {Escape analysis: correctness proof, implementation and experimental results},
 booktitle = {Proceedings of the 25th ACM SIGPLAN-SIGACT symposium on Principles of programming languages},
 year = {1998},
 isbn = {0-89791-979-3},
 pages = {25--37},
 location = {San Diego, California, United States},
 doi = {http://doi.acm.org/10.1145/268946.268949},
 publisher = {ACM Press},
 }

@inproceedings{Blanchet99,
 author = {Bruno Blanchet},
 title = {Escape analysis for object-oriented languages: application to Java},
 booktitle = {Proceedings of the 14th ACM SIGPLAN conference on Object-oriented programming, systems, languages, and applications},
 year = {1999},
 isbn = {1-58113-238-7},
 pages = {20--34},
 location = {Denver, Colorado, United States},
 doi = {http://doi.acm.org/10.1145/320384.320387},
 publisher = {ACM Press},
 }



@inproceedings{Choi99,
 author = {Jong-Deok Choi and Manish Gupta and Mauricio Serrano and Vugranam C. Sreedhar and Sam Midkiff},
 title = {Escape analysis for Java},
 booktitle = {Proceedings of the 14th ACM SIGPLAN conference on Object-oriented programming, systems, languages, and applications},
 year = {1999},
 isbn = {1-58113-238-7},
 pages = {1--19},
 location = {Denver, Colorado, United States},
 doi = {http://doi.acm.org/10.1145/320384.320386},
 publisher = {ACM Press},
 }

%% (2) Region-based allocation of heap data.

@inproceedings{Hallenberg02,
 author = {Niels Hallenberg and Martin Elsman and Mads Tofte},
 title = {Combining region inference and garbage collection},
 booktitle = {Proceedings of the ACM SIGPLAN 2002 Conference on Programming language design and implementation},
 year = {2002},
 isbn = {1-58113-463-0},
 pages = {141--152},
 location = {Berlin, Germany},
 doi = {http://doi.acm.org/10.1145/512529.512547},
 publisher = {ACM Press},
 }

@inproceedings{Birkedal96,
 author = {Lars Birkedal and Mads Tofte and Magnus Vejlstrup},
 title = {From region inference to von Neumann machines via region representation inference},
 booktitle = {Proceedings of the 23rd ACM SIGPLAN-SIGACT symposium on Principles of programming languages},
 year = {1996},
 isbn = {0-89791-769-3},
 pages = {171--183},
 location = {St. Petersburg Beach, Florida, United States},
 doi = {http://doi.acm.org/10.1145/237721.237771},
 publisher = {ACM Press},
 }

@inproceedings{WehmeyerMarwedel04,
 author = {Lars Wehmeyer and Peter Marwedel},
 title = {Influence of onchip scratchpad memories on wcet prediction},
 booktitle = {Proceedings of the 4th International Workshop on Worst-Case Execution Time (WCET) Analysis},
 year = {2004}
 }


%% (3) Escape analysis

@inproceedings{Vivien01,
 author = {Frédéric Vivien and Martin Rinard},
 title = {Incrementalized pointer and escape analysis},
 booktitle = {Proceedings of the ACM SIGPLAN 2001 conference on Programming language design and implementation},
 year = {2001},
 isbn = {1-58113-414-2},
 pages = {35--46},
 location = {Snowbird, Utah, United States},
 doi = {http://doi.acm.org/10.1145/378795.378804},
 publisher = {ACM Press},
 }

@inproceedings{Park92,
 author = {Young Gil Park and Benjamin Goldberg},
 title = {Escape analysis on lists},
 booktitle = {Proceedings of the ACM SIGPLAN 1992 conference on Programming language design and implementation},
 year = {1992},
 isbn = {0-89791-475-9},
 pages = {116--127},
 location = {San Francisco, California, United States},
 doi = {http://doi.acm.org/10.1145/143095.143125},
 publisher = {ACM Press},
 }

 @Article{tiwari98,
   author =       {V. Tiwari and M. T.-C. Lee},
   Key =          "tiwari98",
   title =        "{Power Analysis of a 32-bit embedded microcontroller}",
   journal =      "VLSI Design Journal",
   Volume = "7",
   Number = "3",
   year =         "1998"
 }

@string{cases4 = "Proc. Fourth Workshop on Compiler and Architecture
Support for Embedded Systems (CASES'01)"}
@string{ieeetc = "IEEE Transactions on Computers"}

@article{blj_ieeetc03,
     author = "Kathleen Baynes and Chris Collins and Eric Fiterman and
Brinda Ganesh and Paul Kohout and Christine Smit and Tiebing Zhang and
Bruce Jacob",
     title = "The Performance and Energy Consumption of Embedded
Real-Time Operating Systems",
     journal = ieeetc,
     volume = 52,
     number = 11,
     month = nov,
     year = 2003,
     pages = "1454--1469",
}

@inProceedings{blj_cases01a,
     author = "Kathleen Baynes and Chris Collins and Eric Fiterman and
Brinda Ganesh and Paul Kohout and Christine Smit and Tiebing Zhang and
Bruce Jacob",
     title = "The Performance and Energy Consumption of Three Embedded
Real-Time Operating Systems",
     pages = "203--210",
     booktitle = cases4,
     address = "Atlanta GA",
     month = nov,
     year = 2001,
}

@inproceedings{Tan03,
    AUTHOR = {Yudong Tan and Vincent Mooney},
    TITLE = "{A Prioritized Cache for Multi-tasking Real-Time Systems}",
    booktitle = "Proceedings of the 11th Workshop on Synthesis And System Integration of Mixed Information technologies
(SASIMI)",
    Pages="168-175",
    Organization="",
    month  = "April",
    year   = 2003}

@inproceedings{chiou00,
    author = "Derek Chiou and Prabhat Jain and Larry Rudolph and Srinivas Devadas",
    Title = "{Application-Specific Memory Management in Embedded Systems Using Software-Controlled Caches}",
    booktitle = "Proceedings of the 37th Design Automation Conference",
    month   = jun,
    year = "2000",
     }

@inproceedings{kirk89,
    author = "David B. Kirk",
    Title = "{SMART (strategic memory allocation for real-time) cache design}",
    booktitle = "Proceedings of the IEEE Symposium on Real-Time Systems",
    Pages="229-237",
    month   = dec,
    year = "1989",
     }

@inproceedings{Mueller95,
 author = {Frank Mueller},
 title = {Compiler support for software-based cache partitioning},
 booktitle = {Proceedings of the ACM SIGPLAN 1995 workshop on Languages, compilers, \& tools for real-time systems},
 year = {1995},
 pages = {125--133},
 location = {La Jolla, California, United States},
 doi = {http://doi.acm.org/10.1145/216636.216677},
 publisher = {ACM Press},
 }

@inproceedings{Shahrier97,
    author = "S. M. Shahrier and J. C. Liu",
    Title = "{On the Design of Multiprogrammed Caches
for Hard Real-Time systems}",
    booktitle = "Proceedings of the IEEE International Performance, Computing
and Communications Conference (IPCCC'97)",
    Pages="17-25",
    month   = feb,
    year = "1997",
     }

@inproceedings{Lim01,
 author = {Amy W. Lim and Shih-Wei Liao and Monica S. Lam},
 title = {Blocking and array contraction across arbitrarily nested loops using affine partitioning},
 booktitle = {Proceedings of the eighth ACM SIGPLAN symposium on Principles and practices of parallel programming},
 year = {2001},
 isbn = {1-58113-346-4},
 pages = {103--112},
 location = {Snowbird, Utah, United States},
 doi = {http://doi.acm.org/10.1145/379539.379586},
 publisher = {ACM Press},
 }

@article{Paek02,
 author = {Yunheung Paek and Jay Hoeflinger and David Padua},
 title = {Efficient and precise array access analysis},
 journal = {ACM Trans. Program. Lang. Syst.},
 volume = {24},
 number = {1},
 year = {2002},
 issn = {0164-0925},
 pages = {65--109},
 doi = {http://doi.acm.org/10.1145/509705.509708},
 publisher = {ACM Press},
 }

@article{Kandemir99,
 author = {M. Kandemir and P. Banerjee and A. Choudhary and J. Ramanujam and N. Shenoy},
 title = {A global communication optimization technique based on data-flow analysis and linear algebra},
 journal = {ACM Trans. Program. Lang. Syst.},
 volume = {21},
 number = {6},
 year = {1999},
 issn = {0164-0925},
 pages = {1251--1297},
 doi = {http://doi.acm.org/10.1145/330643.330647},
 publisher = {ACM Press},
 }

@InProceedings{Hall:SC95,
        Author="M. W. Hall and S. P. Amarasinghe and B. R. Murphy and
        S.-W. Liao and M. S. Lam",
        Title="Detecting Coarse-Grain Parallelism Using an
        Interprocedural Parallelizing Compiler",
        Booktitle=SC95,
    Address = SanDiego,
        Month=Dec,
        Year=1995}

@inproceedings{Ahmed00,
 author = {Nawaaz Ahmed and Nikolay Mateev and Keshav Pingali},
 title = {Tiling imperfectly-nested loop nests},
 booktitle = {Proceedings of the 2000 ACM/IEEE conference on Supercomputing (CDROM)},
 year = {2000},
 isbn = {0-7803-9802-5},
 pages = {31},
 location = {Dallas, Texas, United States},
 publisher = {IEEE Computer Society},
 }

@inproceedings{Song99,
 author = {Yonghong Song and Zhiyuan Li},
 title = {New tiling techniques to improve cache temporal locality},
 booktitle = {Proceedings of the ACM SIGPLAN 1999 conference on Programming language design and implementation},
 year = {1999},
 isbn = {1-58113-094-5},
 pages = {215--228},
 location = {Atlanta, Georgia, United States},
 doi = {http://doi.acm.org/10.1145/301618.301668},
 publisher = {ACM Press},
 }

 @manual(micron-datasheet03,
     Key="micron-datasheet",
     Title="128Mb DDR SDRAM data sheet",
     address="(Dual data-rate synchronous DRAM) Micron Technology Inc.",
     note="http://www.micron.com/\-products/\-dram/ddrsdram/",
     year="2003")



@manual(MPC500,

     Key="",

     Title="MPC500 32-bit MCU Family",

     address="Motorola/Freescale",

     note="http://www.freescale.com/files/microcontrollers/doc/fact sheet/MPC500FACT.pdf",

     year="Revised July 2002")


@manual(adsp-21xx,

     Key="Analog Devices",

     Title="ADSP-21xx 16-bit DSP Family",

     address="Analog Devices",

     note="http://\-www.analog.com\-/processors\-/processors\-/ADSP\-/index.html",

     year="1996")



@manual(TigerSharc,

     Key="Analog Devices",

     Title="TigerSharc ADSP-TS201S 32-bit DSP",

     note="http://www.analog.com/processors/processors/tigersharc/index.html",

     year="Revised Jan. 2004")

@manual(Codefire,

     Key="",

     Title="Coldfire MCF5206E 32-bit CPU",

     address="Motorola/Freescale",

     note="http://www.freescale.com/files/dsp/doc/fact sheet/CFPRODFACT.pdf",

     year="Revised 2002")


@manual(Dragonball,

     Title="Dragonball MC68SZ328 32-bit Embedded CPU",

     address="Motorola/Freescale",

     note={\url{http://www.freescale.com/files/32bit/doc/fact sheet/MC68SZ328FS.pdf}},

     year="Revised Apr. 2003")

@inproceedings{Cacti,
    author = "P. Shivakumar and N.P. Jouppi",
    Title = "Cacti 3.2",
    year = "Revised 2004",
    note = "http://research.compaq.com/wrl/people/jouppi/CACTI.html"}

@inproceedings{Jouppi96,
    author = "S.J.E. Wilton and N.P. Jouppi",
    Title = "Cacti: An enhanced cache access and cycle time model",
    year = "1996",
    booktitle = "IEEE Journal of Solid-State Circuits"}


@inproceedings{Dinero,
    author = "J. Edler and M.D. Hill",
    Title = "DineroIV Cache simulator",
    year = "Revised 2004",
    note = "http://www.cs.wisc.edu/ markhill/DineroIV/"}

@Article(Udayakumaran-06,
    Author="Sumesh Udayakumaran and Angel Dominguez and Rajeev Barua",
    Key="TECS paper",
    Title="{Dynamic Allocation for Scratch-Pad Memory using Compile-Time Decisions}",
    Journal="To appear in the ACM Transactions on Embedded Computing Systems (TECS)",
    volume = 5,
    number = 2,
    Year="2006",
    note={\url{http://www.ece.umd.edu/~barua/udayakumaran-TECS-2006.pdf}})

@inproceedings{Nguyen05,
 author = {Nghi Nguyen and Angel Dominguez and Rajeev Barua},
 title = {Memory allocation for embedded systems with a compile-time-unknown scratch-pad size},
 booktitle = {CASES '05: Proceedings of the 2005 international conference on Compilers, architectures and synthesis for embedded systems},
 year = {2005},
 isbn = {1-59593-149-X},
 pages = {115--125},
 location = {San Francisco, California, USA},
 doi = {http://doi.acm.org/10.1145/1086297.1086313},
 publisher = {ACM Press},
 address = {New York, NY, USA},
 }

@Article(Nguyen07,
    Author="Nghi Nguyen and Angel Dominguez and Rajeev Barua",
    Key="TECS paper",
    Title="{Memory allocation for embedded systems with a compile-time-unknown scratch-pad size}",
    Journal="To appear in the ACM Transactions on Embedded Computing Systems (TECS)",
    Year="2007",
    note={\url{http://www.ece.umd.edu/~barua/nguyen-TECS-2007.pdf}})

@InProceedings(Srivastava94,
  Author       = {Amitabh Srivastava and Alan Eustace},
  Title        = {ATOM: A System for Building Customized Program Analysis Tools},
  BookTitle    = {Proceedings of the ACM SIGPLAN 94 Conference on Programming
Language Design and Implementation},
  Year         = {1994},
  Pages        = {196-205}
  )

@inproceedings{larus95eel,
    author = "James R. Larus and Eric Schnarr",
    title = "{EEL}: Machine-Independent Executable Editing",
    booktitle = "{SIGPLAN} Conference on Programming Language Design and Implementation",
    pages = "291-300",
    year = "1995",
    url = "citeseer.ist.psu.edu/larus95eel.html" }

@inproceedings{Wehmeyer05,
 author = {Lars Wehmeyer and Peter Marwedel},
 title = {Influence of Memory Hierarchies on Predictability for Time Constrained Embedded Software},
 booktitle = {DATE '05: Proceedings of the conference on Design, Automation and Test in Europe},
 year = {2005},
 isbn = {0-7695-2288-2},
 pages = {600--605},
 doi = {http://dx.doi.org/10.1109/DATE.2005.183},
 publisher = {IEEE Computer Society},
 address = {Washington, DC, USA},
 }

@manual(Kanellos06,
     Key="Flash memory costs",
     author ={Michael Kanellos},
     Title="Coming soon: 1GB flash cards for \$8 or less",
     address="CNET News",
     note={\url{http://news.com.com/2061-10801(underscore)3-6104404.html}},
     month = "August 10",
     year="2006")
