@article{Spike1,
 author = {Robert S. Cohn and David W. Goodwin and P. Geoffrey Lowney},
 title = {Optimizing alpha executables on Windows NT with spike},
 journal = {Digital Tech. J.},
 volume = {9},
 number = {4},
 year = {1998},
 issn = {0898-901X},
 pages = {3--20},
 publisher = {Digital Equipment Corp.},
 address = {Acton, MA, USA},
 }

@inproceedings{Spike2,
 author = {Robert Cohn and David Goodwin and P. Geoffrey Lowney and Norman Rubin},
 title = {Spike: an optimizer for alpha/NT executables},
 booktitle = {NT'97: Proceedings of the USENIX Windows NT Workshop on The USENIX Windows NT Workshop 1997},
 year = {1997},
 pages = {17--24},
 location = {Seattle, Washington},
 publisher = {USENIX Association},
 address = {Berkeley, CA, USA},
 }

@inproceedings{Diablo1,
author= {Van Put, Ludo and Chanet, Dominique and De Bus, Bruno and De Sutter, Bjorn and De Bosschere, Koen},
title= {DIABLO: a reliable, retargetable and extensible link-time rewriting framework},
booktitle= {Proceedings of the 2005 IEEE International Symposium On Signal Processing And Information Technology},
year= {2005},
month= {December},
pages= {7-12},
publisher= {IEEE},
address= {Athens},
}

@article{Diablo2,
author= {De Sutter, Bjorn and Van Put, Ludo and  Chanet, Dominique and De Bus, Bruno and De Bosschere, Koen},
title= {Link-Time Compaction and Optimization of {ARM} Executables},
journal= {ACM Transactions on Embedded Computing Systems},
year= {2007},
month= {February},
volume= {6},
number= {1},
publisher= {ACM},
address= {New York},
}


@INPROCEEDINGS{newEtch,
    author = {Ted Romer and et al},
    title = {Instrumentation and Optimization of Win32/Intel Executables Using Etch},
    booktitle = {In Proceedings of the USENIX Windows NT Workshop},
    year = {1997},
    pages = {1--7}
}

@article{om,
    author = "Srivastava, Amitabh and Wall, David W.",
    title = "{OM}: {A} practical system for intermodule code optimization at link-time",
    journal = "Journal of Programming Languages",
    volume = "1",
    number = "1",
    month = "December",
    pages = "1--18",
    year = "1992",
    url = "citeseer.ist.psu.edu/srivastava92practical.html"
}

@inproceedings{atom,
 author = {Alan Eustace and Amitabh Srivastava},
 title = {ATOM: a flexible interface for building high performance program analysis tools},
 booktitle = {TCON'95: Proceedings of the USENIX 1995 Technical Conference},
 year = {1995},
 pages = {25--25},
 location = {New Orleans, Louisiana},
 publisher = {USENIX Association},
 address = {Berkeley, CA, USA},
 }
