@phdthesis{Erlingsson-thesis,
 author = {Ulfar Erlingsson},
 note = {Adviser-Fred B. Schneider},
 title = {The inlined reference monitor approach to security policy enforcement},
 year = {2004},
 order_no = {AAI3114521}},
 }

@inproceedings{CFI,
 author = {Mart\'{\i}n Abadi and Mihai Budiu and \'{U}lfar Erlingsson and Jay Ligatti},
 title = {Control-flow integrity},
 booktitle = {CCS '05: Proceedings of the 12th ACM conference on Computer and communications security},
 year = {2005},
 isbn = {1-59593-226-7},
 pages = {340--353},
 location = {Alexandria, VA, USA},
 doi = {http://doi.acm.org/10.1145/1102120.1102165},
 publisher = {ACM Press},
 address = {New York, NY, USA},
 }

@InProceedings{Prasad03,
  Author = "Manish Prasad and Tzi{-}cker Chiueh",
  Title = "A Binary Rewriting Defense against Stack Based Overflow attacks",
  Booktitle = "Proceedings of the USENIX Annual Technical Conference",
  Address = "San Antonio, TX",
  Month = "June",
  Year = 2003,
}

@InProceedings{Chander05,
  Author = "Ajay Chander and David Espinosa and Nayeem Islam and Peter Lee and George Necula",
  Title = "Enforcing Resource Bounds via Static Verification of Dynamic Checks",
  Booktitle = "Proceedings of European Symposium on Programming (ESOP)",
  Address = "Edinburgh, UK",
  Month = "April",
  Year = 2005,
}

@inproceedings{Zhou04,
 author = {Jingyu Zhou and Giovanni Vigna},
 title = {Detecting Attacks That Exploit Application-Logic Errors Through Application-Level Auditing},
 booktitle = {ACSAC '04: Proceedings of the 20th Annual Computer Security Applications Conference (ACSAC'04)},
 year = {2004},
 isbn = {0-7695-2252-1},
 pages = {168--178},
 doi = {http://dx.doi.org/10.1109/CSAC.2004.17},
 publisher = {IEEE Computer Society},
 address = {Washington, DC, USA},
 }
