@techreport{ heffner-obfuscation,
   author = {Kelly Heffner and Christian Collberg},
   title = {The Obfuscation Executive},
   url = {ftp://ftp.cs.arizona.edu/reports/2004/TR04-03.pdf},
   year = {2004},
   }

@article{ perry-re,
   author = {Steven Perry},
   journal = {Java Developer's Journal},
   title = {Preventing Reverse Engineering},
   year = {2004},
   month = {May},
   url = {http://jdj.sys-con.com/read/44699.htm},
   }
