
@techreport(Simon01,
    author = "Istvan Simon",
    title = "{A Comparative Analysis of Methods of Defense against Buffer Overflow Attacks}",
    institution = "California State University, Hayward, CA 94542",
    month="January",
    year="2001",
    Note={\url{http://www.mcs.csuhayward.edu/~simon/security/boflo.html}}
    )

@inproceedings{McGregor03,
 author = {J.P. McGregor and D.K. Karig and Z. Shi and R.B. Lee},
 title = {A processor architecture defense against buffer overflow attacks},
 booktitle = {Proceedings of Int. Conf. on Information Technology},
 year = {2003},
 note={\url{http://www.princeton.edu/~rblee/ELE572Papers/Fall04Readings/mcgregor03processor.pdf}}
 }

@article{Ye05,
author = "D. Ye and D. Kaeli",
title = "A reliable return address stack: microarchitectural features to defeat stack smashing",
journal = "ACM SIGARCH Computer Architecture News",
year = "2005",
url = "http://www.ece.neu.edu/groups/nucar/publications/ye.pdf" }

@techreport(Baratloo,
    author = "Arash Baratloo and Timothy Tsai and Navjot Singh",
    title = "{Libsafe: Protecting Critical Elements of Stacks}",
    institution = "Bell Laboratories",
    month = "December",
    year = "1999",
    Note={\url{http://pubs.research.avayalabs.com/pdfs/ALR-2001-019-whpaper.pdf}}
    )

@UNPUBLISHED(Kolishak00,
    author = "Andrey Kolishak",
    title = "{BOWall: Buffer Overflow Protection for Windows NT (A software tool)}",
    year = "2000",
    Note={\url{http://www.security.nnov.ru/bo/eng/BOWall/}}
    )

@inproceedings{Cowan00,
 author = {Crispin Cowan and Perry Wagle and Calton Pu and Steve Beattie and Jonathan Walpole},
 title = {Buffer Overflows: Attacks and Defenses for the Vulnerability of the Decade},
 booktitle = {Proceedings of DARPA Information Survivability Conference and Expo},
 year = {2000},
 note={\url{http://www.cse.ogi.edu/DISC/projects/immunix/publications.html, http://www.securityfocus.com/library/1674}}
 }

@inproceedings{Chiueh01,
 author = {Tzi-cker Chiueh and Fu-Hau Hsu},
 title = {RAD: A Compile-time Solution to Buffer Overflow Attacks},
 booktitle = {Proceedings of International Conference on Distributed Computing Systems (ICDCS)},
 month="April",
 year = {2001},
 Address = "Phoenix, Arizona",
 note={\url{http://www.ecsl.cs.sunysb.edu/RAD/}}
 }

@inproceedings{gogul04,
    author = {Gogul Balakrishnan and Thomas Reps},
    title = {Analyzing Memory Accesses in x86 Executables},
    booktitle = {IN CC},
    year = {2004},
    pages = {5--23},
    publisher = {Springer-Verlag}
}

