@techreport{ms_dep,
                title = "{A detailed description of the Data Execution Prevention (DEP) feature in Windows XP Service Pack 2, Windows XP Tablet PC Edition 2005, and Windows Server 2003}",
        institution = {Microsoft Corporation},
                month = {September },
                year = { 2006 },
                number = { 875352 },
                note = { http://support.microsoft.com/kb/875352 },
}


@misc{amd_evp,
            title = "{AMD 64 and Enhanced Virus Protection, \emph{AMD Inc.}, Corporate website}",
            year = { 2007 },
            note = { http://www.amd.com/us-en/Weblets/0,,7832\_11104\_11105,00.html },
}


@misc{intel_edb,
            title = "{Execute Disable Bit and Enterprise Security, \emph{Resource Center Website}, Intel Inc.}",
            note = { http: //www.intel.com/business/bss/infrastructure/security/xdbit.htm },
}
