%% This BibTeX bibliography file was created using BibDesk.
%% http://bibdesk.sourceforge.net/


%% Created for Aroon Sharma at 2014-04-14 22:36:09 -0400 


%% Saved with string encoding Unicode (UTF-8) 



@inproceedings{barua1999maps,
	Author = {Barua, Rajeev and Lee, Walter and Amarasinghe, Saman and Agarwal, Anant},
	Booktitle = {ACM SIGARCH Computer Architecture News},
	Number = {2},
	Organization = {IEEE Computer Society},
	Pages = {4--15},
	Title = {Maps: a compiler-managed memory system for raw machines},
	Volume = {27},
	Year = {1999},
	Bdsk-File-1 = {YnBsaXN0MDDUAQIDBAUGJCVYJHZlcnNpb25YJG9iamVjdHNZJGFyY2hpdmVyVCR0b3ASAAGGoKgHCBMUFRYaIVUkbnVsbNMJCgsMDxJXTlMua2V5c1pOUy5vYmplY3RzViRjbGFzc6INDoACgAOiEBGABIAFgAdccmVsYXRpdmVQYXRoWWFsaWFzRGF0YV8QHC4uL3VzZXJmdWwgc291cmNlcy9iYXJ1YS5wZGbSFwsYGVdOUy5kYXRhTxEBxAAAAAABxAACAAATQXJvb24ncyBNYWNCb29rIFBybwAAAAAAAAAAzHGn4kgrAAAAnL5mCWJhcnVhLnBkZgAAAAAAAAAAAAAAAAAAAAAAAAAAAAAAAAAAAAAAAAAAAAAAAAAAAAAAAAAAAAAAAAAAAAAAAAEM7+XPcgGSAAAAAAAAAAAAAQACAAAJIAAAAAAAAAAAAAAAAAAAAA91c2VyZnVsIHNvdXJjZXMAABAACAAAzHHgIgAAABEACAAAz3I50gAAAAEAFACcvmYAnL3+AA8ecgANMnsADTJ4AAIAU0Fyb29uJ3MgTWFjQm9vayBQcm86VXNlcnM6AGFyb29uc2hhcm1hOgBEZXNrdG9wOgBDSEFQRUw6AHVzZXJmdWwgc291cmNlczoAYmFydWEucGRmAAAOABQACQBiAGEAcgB1AGEALgBwAGQAZgAPACgAEwBBAHIAbwBvAG4AJwBzACAATQBhAGMAQgBvAG8AawAgAFAAcgBvABIAOlVzZXJzL2Fyb29uc2hhcm1hL0Rlc2t0b3AvQ0hBUEVML3VzZXJmdWwgc291cmNlcy9iYXJ1YS5wZGYAEwABLwAAFQACABL//wAAgAbSGxwdHlokY2xhc3NuYW1lWCRjbGFzc2VzXU5TTXV0YWJsZURhdGGjHR8gVk5TRGF0YVhOU09iamVjdNIbHCIjXE5TRGljdGlvbmFyeaIiIF8QD05TS2V5ZWRBcmNoaXZlctEmJ1Ryb290gAEACAARABoAIwAtADIANwBAAEYATQBVAGAAZwBqAGwAbgBxAHMAdQB3AIQAjgCtALIAugKCAoQCiQKUAp0CqwKvArYCvwLEAtEC1ALmAukC7gAAAAAAAAIBAAAAAAAAACgAAAAAAAAAAAAAAAAAAALw}}
