%% This BibTeX bibliography file was created using BibDesk.
%% http://bibdesk.sourceforge.net/


%% Created for Aroon Sharma at 2014-06-02 12:55:18 -0400 


%% Saved with string encoding Unicode (UTF-8) 



@incollection{xue1997communication,
	Author = {Xue, Jingling},
	Booktitle = {Languages and Compilers for Parallel Computing},
	Date-Added = {2014-06-02 16:55:10 +0000},
	Date-Modified = {2014-06-02 16:55:10 +0000},
	Pages = {330--349},
	Publisher = {Springer},
	Title = {Communication-minimal tiling of uniform dependence loops},
	Year = {1997}}

@article{ramanujam1992tiling,
	Author = {Ramanujam, J and Sadayappan, P},
	Date-Added = {2014-06-02 16:14:25 +0000},
	Date-Modified = {2014-06-02 16:14:25 +0000},
	Journal = {Journal of Parallel and Distributed Computing},
	Number = {2},
	Pages = {108--120},
	Publisher = {Elsevier},
	Title = {Tiling multidimensional iteration spaces for multicomputers},
	Volume = {16},
	Year = {1992}}

@article{goumas2006message,
	Author = {Goumas, Georgios and Drosinos, Nikolaos and Athanasaki, Maria and Koziris, Nectarios},
	Date-Added = {2014-06-02 15:41:23 +0000},
	Date-Modified = {2014-06-02 15:41:23 +0000},
	Journal = {Parallel Computing},
	Number = {10},
	Pages = {711--732},
	Publisher = {Elsevier},
	Title = {Message-passing code generation for non-rectangular tiling transformations},
	Volume = {32},
	Year = {2006}}

@inproceedings{chen2005communication,
	Author = {Chen, Wei-Yu and Iancu, Costin and Yelick, Katherine},
	Booktitle = {Parallel Architectures and Compilation Techniques, 2005. PACT 2005. 14th International Conference on},
	Date-Added = {2014-05-21 19:45:45 +0000},
	Date-Modified = {2014-05-21 19:45:45 +0000},
	Organization = {IEEE},
	Pages = {267--278},
	Title = {Communication optimizations for fine-grained UPC applications},
	Year = {2005}}

@book{mace1987memory,
	Author = {Mace, Mary E},
	Date-Added = {2014-05-21 18:58:16 +0000},
	Date-Modified = {2014-05-21 18:58:16 +0000},
	Publisher = {Kluwer Academic Publishers},
	Title = {Memory storage patterns in parallel processing},
	Year = {1987}}

@article{prylli1997fast,
	Author = {Prylli, Lo{\i}Ìˆc and Tourancheau, Bernard},
	Date-Added = {2014-05-20 19:25:42 +0000},
	Date-Modified = {2014-05-20 19:25:42 +0000},
	Journal = {Journal of Parallel and Distributed Computing},
	Number = {1},
	Pages = {63--72},
	Publisher = {Elsevier},
	Title = {Fast runtime block cyclic data redistribution on multiprocessors},
	Volume = {45},
	Year = {1997}}

@article{walker1996redistribution,
	Author = {Walker, David W and Otto, Steve W.},
	Date-Added = {2014-04-25 04:15:42 +0000},
	Date-Modified = {2014-04-25 04:15:42 +0000},
	Journal = {Concurrency Practice and Experience},
	Number = {9},
	Pages = {707--728},
	Publisher = {Citeseer},
	Title = {Redistribution of block-cyclic data distributions using MPI},
	Volume = {8},
	Year = {1996}}

@inproceedings{sanz2012global,
	Author = {Sanz, Alberto and Asenjo, Rafael and L{\'o}pez, Juan and Larrosa, Rafael and Navarro, Angeles and Litvinov, Vassily and Choi, Sung-Eun and Chamberlain, Bradford L},
	Booktitle = {Computer Architecture and High Performance Computing (SBAC-PAD), 2012 IEEE 24th International Symposium on},
	Date-Added = {2014-04-15 16:42:37 +0000},
	Date-Modified = {2014-04-15 16:42:37 +0000},
	Organization = {IEEE},
	Pages = {235--242},
	Title = {Global Data Re-allocation via Communication Aggregation in Chapel},
	Year = {2012},
	Bdsk-File-1 = {YnBsaXN0MDDUAQIDBAUGJCVYJHZlcnNpb25YJG9iamVjdHNZJGFyY2hpdmVyVCR0b3ASAAGGoKgHCBMUFRYaIVUkbnVsbNMJCgsMDxJXTlMua2V5c1pOUy5vYmplY3RzViRjbGFzc6INDoACgAOiEBGABIAFgAdccmVsYXRpdmVQYXRoWWFsaWFzRGF0YV8QJC4uL3VzZXJmdWwgc291cmNlcy9VTUEtREFDLTEyLTAyLnBkZtIXCxgZV05TLmRhdGFPEQHkAAAAAAHkAAIAABNBcm9vbidzIE1hY0Jvb2sgUHJvAAAAAAAAAADMcafiSCsAAACcvmYRVU1BLURBQy0xMi0wMi5wZGYAAAAAAAAAAAAAAAAAAAAAAAAAAAAAAAAAAAAAAAAAAAAAAAAAAAAAAAAAAAAAAJy+MM4WrIMAAAAAAAAAAAABAAIAAAkgAAAAAAAAAAAAAAAAAAAAD3VzZXJmdWwgc291cmNlcwAAEAAIAADMceAiAAAAEQAIAADOFuTDAAAAAQAUAJy+ZgCcvf4ADx5yAA0yewANMngAAgBbQXJvb24ncyBNYWNCb29rIFBybzpVc2VyczoAYXJvb25zaGFybWE6AERlc2t0b3A6AENIQVBFTDoAdXNlcmZ1bCBzb3VyY2VzOgBVTUEtREFDLTEyLTAyLnBkZgAADgAkABEAVQBNAEEALQBEAEEAQwAtADEAMgAtADAAMgAuAHAAZABmAA8AKAATAEEAcgBvAG8AbgAnAHMAIABNAGEAYwBCAG8AbwBrACAAUAByAG8AEgBCVXNlcnMvYXJvb25zaGFybWEvRGVza3RvcC9DSEFQRUwvdXNlcmZ1bCBzb3VyY2VzL1VNQS1EQUMtMTItMDIucGRmABMAAS8AABUAAgAS//8AAIAG0hscHR5aJGNsYXNzbmFtZVgkY2xhc3Nlc11OU011dGFibGVEYXRhox0fIFZOU0RhdGFYTlNPYmplY3TSGxwiI1xOU0RpY3Rpb25hcnmiIiBfEA9OU0tleWVkQXJjaGl2ZXLRJidUcm9vdIABAAgAEQAaACMALQAyADcAQABGAE0AVQBgAGcAagBsAG4AcQBzAHUAdwCEAI4AtQC6AMICqgKsArECvALFAtMC1wLeAucC7AL5AvwDDgMRAxYAAAAAAAACAQAAAAAAAAAoAAAAAAAAAAAAAAAAAAADGA==}}

@article{bonachea2007proposal,
	Author = {Bonachea, Dan},
	Date-Added = {2014-04-15 16:39:56 +0000},
	Date-Modified = {2014-04-15 16:39:56 +0000},
	Title = {Proposal for extending the UPC memory copy library functions and supporting extensions to GASNet, Version 2.0},
	Year = {2007},
	Bdsk-File-1 = {YnBsaXN0MDDUAQIDBAUGJCVYJHZlcnNpb25YJG9iamVjdHNZJGFyY2hpdmVyVCR0b3ASAAGGoKgHCBMUFRYaIVUkbnVsbNMJCgsMDxJXTlMua2V5c1pOUy5vYmplY3RzViRjbGFzc6INDoACgAOiEBGABIAFgAdccmVsYXRpdmVQYXRoWWFsaWFzRGF0YV8QNC4uL3VzZXJmdWwgc291cmNlcy9lU2Nob2xhcnNoaXAgVUMgaXRlbSA1aGc1cjVmcy5wZGbSFwsYGVdOUy5kYXRhTxECIgAAAAACIgACAAATQXJvb24ncyBNYWNCb29rIFBybwAAAAAAAAAAzHGn4kgrAAAAnL5mH2VTY2hvbGFyc2hpcCBVQyBpdGVtIzlDQkU0MS5wZGYAAAAAAAAAAAAAAAAAAAAAAAAAAAAAAAAAAAAAAAAAAACcvkHOFqyoAAAAAAAAAAAAAQACAAAJIAAAAAAAAAAAAAAAAAAAAA91c2VyZnVsIHNvdXJjZXMAABAACAAAzHHgIgAAABEACAAAzhbk6AAAAAEAFACcvmYAnL3+AA8ecgANMnsADTJ4AAIAaUFyb29uJ3MgTWFjQm9vayBQcm86VXNlcnM6AGFyb29uc2hhcm1hOgBEZXNrdG9wOgBDSEFQRUw6AHVzZXJmdWwgc291cmNlczoAZVNjaG9sYXJzaGlwIFVDIGl0ZW0jOUNCRTQxLnBkZgAADgBEACEAZQBTAGMAaABvAGwAYQByAHMAaABpAHAAIABVAEMAIABpAHQAZQBtACAANQBoAGcANQByADUAZgBzAC4AcABkAGYADwAoABMAQQByAG8AbwBuACcAcwAgAE0AYQBjAEIAbwBvAGsAIABQAHIAbwASAFJVc2Vycy9hcm9vbnNoYXJtYS9EZXNrdG9wL0NIQVBFTC91c2VyZnVsIHNvdXJjZXMvZVNjaG9sYXJzaGlwIFVDIGl0ZW0gNWhnNXI1ZnMucGRmABMAAS8AABUAAgAS//8AAIAG0hscHR5aJGNsYXNzbmFtZVgkY2xhc3Nlc11OU011dGFibGVEYXRhox0fIFZOU0RhdGFYTlNPYmplY3TSGxwiI1xOU0RpY3Rpb25hcnmiIiBfEA9OU0tleWVkQXJjaGl2ZXLRJidUcm9vdIABAAgAEQAaACMALQAyADcAQABGAE0AVQBgAGcAagBsAG4AcQBzAHUAdwCEAI4AxQDKANIC+AL6Av8DCgMTAyEDJQMsAzUDOgNHA0oDXANfA2QAAAAAAAACAQAAAAAAAAAoAAAAAAAAAAAAAAAAAAADZg==}}

@inproceedings{chamberlain2011user,
	Author = {Chamberlain, Bradford L and Choi, Sung-Eun and Deitz, Steven J and Navarro, Angeles},
	Date-Added = {2014-04-15 16:37:44 +0000},
	Date-Modified = {2014-04-15 16:37:44 +0000},
	Title = {User-defined parallel zippered iterators in Chapel},
	Year = {2011},
	Bdsk-File-1 = {YnBsaXN0MDDUAQIDBAUGJCVYJHZlcnNpb25YJG9iamVjdHNZJGFyY2hpdmVyVCR0b3ASAAGGoKgHCBMUFRYaIVUkbnVsbNMJCgsMDxJXTlMua2V5c1pOUy5vYmplY3RzViRjbGFzc6INDoACgAOiEBGABIAFgAdccmVsYXRpdmVQYXRoWWFsaWFzRGF0YV8QPi4uL3VzZXJmdWwgc291cmNlcy9DaGFtYmVybGFpbkV0QWwtQ2hhcGVsLUl0ZXJhdG9ycy1QR0FTMTEucGRm0hcLGBlXTlMuZGF0YU8RAkAAAAAAAkAAAgAAE0Fyb29uJ3MgTWFjQm9vayBQcm8AAAAAAAAAAMxxp+JIKwAAAJy+Zh9DaGFtYmVybGFpbkV0QWwtQ2hhcCNCNjFFQzgucGRmAAAAAAAAAAAAAAAAAAAAAAAAAAAAAAAAAAAAAAAAAAAAth7IzhasZgAAAAAAAAAAAAEAAgAACSAAAAAAAAAAAAAAAAAAAAAPdXNlcmZ1bCBzb3VyY2VzAAAQAAgAAMxx4CIAAAARAAgAAM4W5KYAAAABABQAnL5mAJy9/gAPHnIADTJ7AA0yeAACAGlBcm9vbidzIE1hY0Jvb2sgUHJvOlVzZXJzOgBhcm9vbnNoYXJtYToARGVza3RvcDoAQ0hBUEVMOgB1c2VyZnVsIHNvdXJjZXM6AENoYW1iZXJsYWluRXRBbC1DaGFwI0I2MUVDOC5wZGYAAA4AWAArAEMAaABhAG0AYgBlAHIAbABhAGkAbgBFAHQAQQBsAC0AQwBoAGEAcABlAGwALQBJAHQAZQByAGEAdABvAHIAcwAtAFAARwBBAFMAMQAxAC4AcABkAGYADwAoABMAQQByAG8AbwBuACcAcwAgAE0AYQBjAEIAbwBvAGsAIABQAHIAbwASAFxVc2Vycy9hcm9vbnNoYXJtYS9EZXNrdG9wL0NIQVBFTC91c2VyZnVsIHNvdXJjZXMvQ2hhbWJlcmxhaW5FdEFsLUNoYXBlbC1JdGVyYXRvcnMtUEdBUzExLnBkZgATAAEvAAAVAAIAEv//AACABtIbHB0eWiRjbGFzc25hbWVYJGNsYXNzZXNdTlNNdXRhYmxlRGF0YaMdHyBWTlNEYXRhWE5TT2JqZWN00hscIiNcTlNEaWN0aW9uYXJ5oiIgXxAPTlNLZXllZEFyY2hpdmVy0SYnVHJvb3SAAQAIABEAGgAjAC0AMgA3AEAARgBNAFUAYABnAGoAbABuAHEAcwB1AHcAhACOAM8A1ADcAyADIgMnAzIDOwNJA00DVANdA2IDbwNyA4QDhwOMAAAAAAAAAgEAAAAAAAAAKAAAAAAAAAAAAAAAAAAAA44=}}

@article{wei1998compiling,
	Author = {Wei, Wen-Hsing and Shih, Kuei-Ping and Sheu, Jang-Ping and others},
	Date-Added = {2014-04-15 16:34:53 +0000},
	Date-Modified = {2014-04-15 16:34:53 +0000},
	Journal = {J. Inf. Sci. Eng.},
	Number = {4},
	Pages = {695--723},
	Title = {Compiling array references with affine functions for data-parallel programs},
	Volume = {14},
	Year = {1998},
	Bdsk-File-1 = {YnBsaXN0MDDUAQIDBAUGJCVYJHZlcnNpb25YJG9iamVjdHNZJGFyY2hpdmVyVCR0b3ASAAGGoKgHCBMUFRYaIVUkbnVsbNMJCgsMDxJXTlMua2V5c1pOUy5vYmplY3RzViRjbGFzc6INDoACgAOiEBGABIAFgAdccmVsYXRpdmVQYXRoWWFsaWFzRGF0YV8QMS4uL3VzZXJmdWwgc291cmNlcy9jb21waWxpbmcgYXJyYXkgcmVmZXJlbmNlcy5wZGbSFwsYGVdOUy5kYXRhTxECGAAAAAACGAACAAATQXJvb24ncyBNYWNCb29rIFBybwAAAAAAAAAAzHGn4kgrAAAAnL5mHmNvbXBpbGluZyBhcnJheSByZWZlcmVuY2VzLnBkZgAAAAAAAAAAAAAAAAAAAAAAAAAAAAAAAAAAAAAAAAAAAAENF+HPctesAAAAAAAAAAAAAQACAAAJIAAAAAAAAAAAAAAAAAAAAA91c2VyZnVsIHNvdXJjZXMAABAACAAAzHHgIgAAABEACAAAz3MP7AAAAAEAFACcvmYAnL3+AA8ecgANMnsADTJ4AAIAaEFyb29uJ3MgTWFjQm9vayBQcm86VXNlcnM6AGFyb29uc2hhcm1hOgBEZXNrdG9wOgBDSEFQRUw6AHVzZXJmdWwgc291cmNlczoAY29tcGlsaW5nIGFycmF5IHJlZmVyZW5jZXMucGRmAA4APgAeAGMAbwBtAHAAaQBsAGkAbgBnACAAYQByAHIAYQB5ACAAcgBlAGYAZQByAGUAbgBjAGUAcwAuAHAAZABmAA8AKAATAEEAcgBvAG8AbgAnAHMAIABNAGEAYwBCAG8AbwBrACAAUAByAG8AEgBPVXNlcnMvYXJvb25zaGFybWEvRGVza3RvcC9DSEFQRUwvdXNlcmZ1bCBzb3VyY2VzL2NvbXBpbGluZyBhcnJheSByZWZlcmVuY2VzLnBkZgAAEwABLwAAFQACABL//wAAgAbSGxwdHlokY2xhc3NuYW1lWCRjbGFzc2VzXU5TTXV0YWJsZURhdGGjHR8gVk5TRGF0YVhOU09iamVjdNIbHCIjXE5TRGljdGlvbmFyeaIiIF8QD05TS2V5ZWRBcmNoaXZlctEmJ1Ryb290gAEACAARABoAIwAtADIANwBAAEYATQBVAGAAZwBqAGwAbgBxAHMAdQB3AIQAjgDCAMcAzwLrAu0C8gL9AwYDFAMYAx8DKAMtAzoDPQNPA1IDVwAAAAAAAAIBAAAAAAAAACgAAAAAAAAAAAAAAAAAAANZ}}

@inproceedings{trifunovic2010graphite,
	Author = {Trifunovic, Konrad and Cohen, Albert and Edelsohn, David and Li, Feng and Grosser, Tobias and Jagasia, Harsha and Ladelsky, Razya and Pop, Sebastian and Sj{\"o}din, Jan and Upadrasta, Ramakrishna and others},
	Booktitle = {GCC Research Opportunities Workshop (GROW'10)},
	Date-Added = {2014-04-15 16:32:04 +0000},
	Date-Modified = {2014-04-15 16:32:04 +0000},
	Title = {Graphite two years after: First lessons learned from real-world polyhedral compilation},
	Year = {2010},
	Bdsk-File-1 = {YnBsaXN0MDDUAQIDBAUGJCVYJHZlcnNpb25YJG9iamVjdHNZJGFyY2hpdmVyVCR0b3ASAAGGoKgHCBMUFRYaIVUkbnVsbNMJCgsMDxJXTlMua2V5c1pOUy5vYmplY3RzViRjbGFzc6INDoACgAOiEBGABIAFgAdccmVsYXRpdmVQYXRoWWFsaWFzRGF0YV8QQy4uL3VzZXJmdWwgc291cmNlcy9ncm9zc2VyLTIwMTAtLUdyYXBoaXRlLXR3by15ZWFycy1hZnRlci0tR1JPVy5wZGbSFwsYGVdOUy5kYXRhTxECUAAAAAACUAACAAATQXJvb24ncyBNYWNCb29rIFBybwAAAAAAAAAAzHGn4kgrAAAAnL5mH2dyb3NzZXItMjAxMC0tR3JhcGgjMTBEMTdBMC5wZGYAAAAAAAAAAAAAAAAAAAAAAAAAAAAAAAAAAAAAAAAAAAENF6DPctcUAAAAAAAAAAAAAQACAAAJIAAAAAAAAAAAAAAAAAAAAA91c2VyZnVsIHNvdXJjZXMAABAACAAAzHHgIgAAABEACAAAz3MPVAAAAAEAFACcvmYAnL3+AA8ecgANMnsADTJ4AAIAaUFyb29uJ3MgTWFjQm9vayBQcm86VXNlcnM6AGFyb29uc2hhcm1hOgBEZXNrdG9wOgBDSEFQRUw6AHVzZXJmdWwgc291cmNlczoAZ3Jvc3Nlci0yMDEwLS1HcmFwaCMxMEQxN0EwLnBkZgAADgBiADAAZwByAG8AcwBzAGUAcgAtADIAMAAxADAALQAtAEcAcgBhAHAAaABpAHQAZQAtAHQAdwBvAC0AeQBlAGEAcgBzAC0AYQBmAHQAZQByAC0ALQBHAFIATwBXAC4AcABkAGYADwAoABMAQQByAG8AbwBuACcAcwAgAE0AYQBjAEIAbwBvAGsAIABQAHIAbwASAGFVc2Vycy9hcm9vbnNoYXJtYS9EZXNrdG9wL0NIQVBFTC91c2VyZnVsIHNvdXJjZXMvZ3Jvc3Nlci0yMDEwLS1HcmFwaGl0ZS10d28teWVhcnMtYWZ0ZXItLUdST1cucGRmAAATAAEvAAAVAAIAEv//AACABtIbHB0eWiRjbGFzc25hbWVYJGNsYXNzZXNdTlNNdXRhYmxlRGF0YaMdHyBWTlNEYXRhWE5TT2JqZWN00hscIiNcTlNEaWN0aW9uYXJ5oiIgXxAPTlNLZXllZEFyY2hpdmVy0SYnVHJvb3SAAQAIABEAGgAjAC0AMgA3AEAARgBNAFUAYABnAGoAbABuAHEAcwB1AHcAhACOANQA2QDhAzUDNwM8A0cDUANeA2IDaQNyA3cDhAOHA5kDnAOhAAAAAAAAAgEAAAAAAAAAKAAAAAAAAAAAAAAAAAAAA6M=}}

@article{shih2000efficient,
	Author = {Shih, Kuei-Ping and Sheu, Jang-Ping and Chang, Chih-Yung},
	Date-Added = {2014-04-15 16:28:46 +0000},
	Date-Modified = {2014-04-15 16:28:46 +0000},
	Journal = {The Journal of Supercomputing},
	Number = {2},
	Pages = {205--227},
	Publisher = {Springer},
	Title = {Efficient address generation for affine subscripts in data-parallel programs},
	Volume = {17},
	Year = {2000},
	Bdsk-File-1 = {YnBsaXN0MDDUAQIDBAUGJCVYJHZlcnNpb25YJG9iamVjdHNZJGFyY2hpdmVyVCR0b3ASAAGGoKgHCBMUFRYaIVUkbnVsbNMJCgsMDxJXTlMua2V5c1pOUy5vYmplY3RzViRjbGFzc6INDoACgAOiEBGABIAFgAdccmVsYXRpdmVQYXRoWWFsaWFzRGF0YV8QIS4uL3VzZXJmdWwgc291cmNlcy9BZGRyZXNzR2VuLnBkZtIXCxgZV05TLmRhdGFPEQHYAAAAAAHYAAIAABNBcm9vbidzIE1hY0Jvb2sgUHJvAAAAAAAAAADMcafiSCsAAACcvmYOQWRkcmVzc0dlbi5wZGYAAAAAAAAAAAAAAAAAAAAAAAAAAAAAAAAAAAAAAAAAAAAAAAAAAAAAAAAAAAAAAAAAAQ0XLs9y1fYAAAAAAAAAAAABAAIAAAkgAAAAAAAAAAAAAAAAAAAAD3VzZXJmdWwgc291cmNlcwAAEAAIAADMceAiAAAAEQAIAADPcw42AAAAAQAUAJy+ZgCcvf4ADx5yAA0yewANMngAAgBYQXJvb24ncyBNYWNCb29rIFBybzpVc2VyczoAYXJvb25zaGFybWE6AERlc2t0b3A6AENIQVBFTDoAdXNlcmZ1bCBzb3VyY2VzOgBBZGRyZXNzR2VuLnBkZgAOAB4ADgBBAGQAZAByAGUAcwBzAEcAZQBuAC4AcABkAGYADwAoABMAQQByAG8AbwBuACcAcwAgAE0AYQBjAEIAbwBvAGsAIABQAHIAbwASAD9Vc2Vycy9hcm9vbnNoYXJtYS9EZXNrdG9wL0NIQVBFTC91c2VyZnVsIHNvdXJjZXMvQWRkcmVzc0dlbi5wZGYAABMAAS8AABUAAgAS//8AAIAG0hscHR5aJGNsYXNzbmFtZVgkY2xhc3Nlc11OU011dGFibGVEYXRhox0fIFZOU0RhdGFYTlNPYmplY3TSGxwiI1xOU0RpY3Rpb25hcnmiIiBfEA9OU0tleWVkQXJjaGl2ZXLRJidUcm9vdIABAAgAEQAaACMALQAyADcAQABGAE0AVQBgAGcAagBsAG4AcQBzAHUAdwCEAI4AsgC3AL8CmwKdAqICrQK2AsQCyALPAtgC3QLqAu0C/wMCAwcAAAAAAAACAQAAAAAAAAAoAAAAAAAAAAAAAAAAAAADCQ==}}

@article{ramanujam1991compile,
	Author = {Ramanujam, J and Sadayappan, P},
	Date-Added = {2014-04-15 16:26:10 +0000},
	Date-Modified = {2014-04-15 16:26:10 +0000},
	Journal = {Parallel and Distributed Systems, IEEE Transactions on},
	Number = {4},
	Pages = {472--482},
	Publisher = {IEEE},
	Title = {Compile-time techniques for data distribution in distributed memory machines},
	Volume = {2},
	Year = {1991},
	Bdsk-File-1 = {YnBsaXN0MDDUAQIDBAUGJCVYJHZlcnNpb25YJG9iamVjdHNZJGFyY2hpdmVyVCR0b3ASAAGGoKgHCBMUFRYaIVUkbnVsbNMJCgsMDxJXTlMua2V5c1pOUy5vYmplY3RzViRjbGFzc6INDoACgAOiEBGABIAFgAdccmVsYXRpdmVQYXRoWWFsaWFzRGF0YV8QLS4uL3VzZXJmdWwgc291cmNlcy9jb21waWxlLXRpbWUgdGVjaG5pcXVlcy5wc9IXCxgZV05TLmRhdGFPEQIIAAAAAAIIAAIAABNBcm9vbidzIE1hY0Jvb2sgUHJvAAAAAAAAAADMcafiSCsAAACcvmYaY29tcGlsZS10aW1lIHRlY2huaXF1ZXMucHMAAAAAAAAAAAAAAAAAAAAAAAAAAAAAAAAAAAAAAAAAAAAAAAAAAQ0WNs9y1UQAAAAAAAAAAAABAAIAAAkgAAAAAAAAAAAAAAAAAAAAD3VzZXJmdWwgc291cmNlcwAAEAAIAADMceAiAAAAEQAIAADPcw2EAAAAAQAUAJy+ZgCcvf4ADx5yAA0yewANMngAAgBkQXJvb24ncyBNYWNCb29rIFBybzpVc2VyczoAYXJvb25zaGFybWE6AERlc2t0b3A6AENIQVBFTDoAdXNlcmZ1bCBzb3VyY2VzOgBjb21waWxlLXRpbWUgdGVjaG5pcXVlcy5wcwAOADYAGgBjAG8AbQBwAGkAbABlAC0AdABpAG0AZQAgAHQAZQBjAGgAbgBpAHEAdQBlAHMALgBwAHMADwAoABMAQQByAG8AbwBuACcAcwAgAE0AYQBjAEIAbwBvAGsAIABQAHIAbwASAEtVc2Vycy9hcm9vbnNoYXJtYS9EZXNrdG9wL0NIQVBFTC91c2VyZnVsIHNvdXJjZXMvY29tcGlsZS10aW1lIHRlY2huaXF1ZXMucHMAABMAAS8AABUAAgAS//8AAIAG0hscHR5aJGNsYXNzbmFtZVgkY2xhc3Nlc11OU011dGFibGVEYXRhox0fIFZOU0RhdGFYTlNPYmplY3TSGxwiI1xOU0RpY3Rpb25hcnmiIiBfEA9OU0tleWVkQXJjaGl2ZXLRJidUcm9vdIABAAgAEQAaACMALQAyADcAQABGAE0AVQBgAGcAagBsAG4AcQBzAHUAdwCEAI4AvgDDAMsC1wLZAt4C6QLyAwADBAMLAxQDGQMmAykDOwM+A0MAAAAAAAACAQAAAAAAAAAoAAAAAAAAAAAAAAAAAAADRQ==}}

@inproceedings{pouchet2011loop,
	Author = {Pouchet, Louis-No{\"e}l and Bondhugula, Uday and Bastoul, C{\'e}dric and Cohen, Albert and Ramanujam, J and Sadayappan, P and Vasilache, Nicolas},
	Booktitle = {ACM SIGPLAN Notices},
	Date-Added = {2014-04-15 16:22:41 +0000},
	Date-Modified = {2014-04-15 16:22:41 +0000},
	Number = {1},
	Organization = {ACM},
	Pages = {549--562},
	Title = {Loop transformations: convexity, pruning and optimization},
	Volume = {46},
	Year = {2011},
	Bdsk-File-1 = {YnBsaXN0MDDUAQIDBAUGJCVYJHZlcnNpb25YJG9iamVjdHNZJGFyY2hpdmVyVCR0b3ASAAGGoKgHCBMUFRYaIVUkbnVsbNMJCgsMDxJXTlMua2V5c1pOUy5vYmplY3RzViRjbGFzc6INDoACgAOiEBGABIAFgAdccmVsYXRpdmVQYXRoWWFsaWFzRGF0YV8QJi4uL3VzZXJmdWwgc291cmNlcy9wb3VjaGV0LjExLnBvcGwucGRm0hcLGBlXTlMuZGF0YU8RAewAAAAAAewAAgAAE0Fyb29uJ3MgTWFjQm9vayBQcm8AAAAAAAAAAMxxp+JIKwAAAJy+ZhNwb3VjaGV0LjExLnBvcGwucGRmAAAAAAAAAAAAAAAAAAAAAAAAAAAAAAAAAAAAAAAAAAAAAAAAAAAAAAAAAAABDRX8z3LU7gAAAAAAAAAAAAEAAgAACSAAAAAAAAAAAAAAAAAAAAAPdXNlcmZ1bCBzb3VyY2VzAAAQAAgAAMxx4CIAAAARAAgAAM9zDS4AAAABABQAnL5mAJy9/gAPHnIADTJ7AA0yeAACAF1Bcm9vbidzIE1hY0Jvb2sgUHJvOlVzZXJzOgBhcm9vbnNoYXJtYToARGVza3RvcDoAQ0hBUEVMOgB1c2VyZnVsIHNvdXJjZXM6AHBvdWNoZXQuMTEucG9wbC5wZGYAAA4AKAATAHAAbwB1AGMAaABlAHQALgAxADEALgBwAG8AcABsAC4AcABkAGYADwAoABMAQQByAG8AbwBuACcAcwAgAE0AYQBjAEIAbwBvAGsAIABQAHIAbwASAERVc2Vycy9hcm9vbnNoYXJtYS9EZXNrdG9wL0NIQVBFTC91c2VyZnVsIHNvdXJjZXMvcG91Y2hldC4xMS5wb3BsLnBkZgATAAEvAAAVAAIAEv//AACABtIbHB0eWiRjbGFzc25hbWVYJGNsYXNzZXNdTlNNdXRhYmxlRGF0YaMdHyBWTlNEYXRhWE5TT2JqZWN00hscIiNcTlNEaWN0aW9uYXJ5oiIgXxAPTlNLZXllZEFyY2hpdmVy0SYnVHJvb3SAAQAIABEAGgAjAC0AMgA3AEAARgBNAFUAYABnAGoAbABuAHEAcwB1AHcAhACOALcAvADEArQCtgK7AsYCzwLdAuEC6ALxAvYDAwMGAxgDGwMgAAAAAAAAAgEAAAAAAAAAKAAAAAAAAAAAAAAAAAAAAyI=}}

@article{li1991data,
	Author = {Li, Jingke and Chen, Marina},
	Date-Added = {2014-04-15 16:20:45 +0000},
	Date-Modified = {2014-04-15 16:20:45 +0000},
	Journal = {Journal of parallel and distributed computing},
	Number = {2},
	Pages = {213--221},
	Publisher = {Elsevier},
	Title = {The data alignment phase in compiling programs for distributed-memory machines},
	Volume = {13},
	Year = {1991}}

@inproceedings{iancu2008performance,
	Author = {Iancu, Costin and Chen, Wei and Yelick, Katherine},
	Booktitle = {Proceedings of the 22nd annual international conference on Supercomputing},
	Date-Added = {2014-04-15 16:18:34 +0000},
	Date-Modified = {2014-04-15 16:18:34 +0000},
	Organization = {ACM},
	Pages = {266--276},
	Title = {Performance portable optimizations for loops containing communication operations},
	Year = {2008},
	Bdsk-File-1 = {YnBsaXN0MDDUAQIDBAUGJCVYJHZlcnNpb25YJG9iamVjdHNZJGFyY2hpdmVyVCR0b3ASAAGGoKgHCBMUFRYaIVUkbnVsbNMJCgsMDxJXTlMua2V5c1pOUy5vYmplY3RzViRjbGFzc6INDoACgAOiEBGABIAFgAdccmVsYXRpdmVQYXRoWWFsaWFzRGF0YV8QKi4uL3VzZXJmdWwgc291cmNlcy9wb3J0YWJsZXBlcmZvcm1hbmNlLnBkZtIXCxgZV05TLmRhdGFPEQH8AAAAAAH8AAIAABNBcm9vbidzIE1hY0Jvb2sgUHJvAAAAAAAAAADMcafiSCsAAACcvmYXcG9ydGFibGVwZXJmb3JtYW5jZS5wZGYAAAAAAAAAAAAAAAAAAAAAAAAAAAAAAAAAAAAAAAAAAAAAAAAAAAAAAQ0VZs9y060AAAAAAAAAAAABAAIAAAkgAAAAAAAAAAAAAAAAAAAAD3VzZXJmdWwgc291cmNlcwAAEAAIAADMceAiAAAAEQAIAADPcwvtAAAAAQAUAJy+ZgCcvf4ADx5yAA0yewANMngAAgBhQXJvb24ncyBNYWNCb29rIFBybzpVc2VyczoAYXJvb25zaGFybWE6AERlc2t0b3A6AENIQVBFTDoAdXNlcmZ1bCBzb3VyY2VzOgBwb3J0YWJsZXBlcmZvcm1hbmNlLnBkZgAADgAwABcAcABvAHIAdABhAGIAbABlAHAAZQByAGYAbwByAG0AYQBuAGMAZQAuAHAAZABmAA8AKAATAEEAcgBvAG8AbgAnAHMAIABNAGEAYwBCAG8AbwBrACAAUAByAG8AEgBIVXNlcnMvYXJvb25zaGFybWEvRGVza3RvcC9DSEFQRUwvdXNlcmZ1bCBzb3VyY2VzL3BvcnRhYmxlcGVyZm9ybWFuY2UucGRmABMAAS8AABUAAgAS//8AAIAG0hscHR5aJGNsYXNzbmFtZVgkY2xhc3Nlc11OU011dGFibGVEYXRhox0fIFZOU0RhdGFYTlNPYmplY3TSGxwiI1xOU0RpY3Rpb25hcnmiIiBfEA9OU0tleWVkQXJjaGl2ZXLRJidUcm9vdIABAAgAEQAaACMALQAyADcAQABGAE0AVQBgAGcAagBsAG4AcQBzAHUAdwCEAI4AuwDAAMgCyALKAs8C2gLjAvEC9QL8AwUDCgMXAxoDLAMvAzQAAAAAAAACAQAAAAAAAAAoAAAAAAAAAAAAAAAAAAADNg==}}

@inproceedings{huang1994speculative,
	Author = {Huang, Andrew S and Slavenburg, Gert and Shen, John Paul},
	Booktitle = {Computer Architecture, 1994., Proceedings the 21st Annual International Symposium on},
	Date-Added = {2014-04-15 16:13:22 +0000},
	Date-Modified = {2014-04-15 16:13:22 +0000},
	Organization = {IEEE},
	Pages = {200--210},
	Title = {Speculative disambiguation: A compilation technique for dynamic memory disambiguation},
	Year = {1994},
	Bdsk-File-1 = {YnBsaXN0MDDUAQIDBAUGJCVYJHZlcnNpb25YJG9iamVjdHNZJGFyY2hpdmVyVCR0b3ASAAGGoKgHCBMUFRYaIVUkbnVsbNMJCgsMDxJXTlMua2V5c1pOUy5vYmplY3RzViRjbGFzc6INDoACgAOiEBGABIAFgAdccmVsYXRpdmVQYXRoWWFsaWFzRGF0YV8QIS4uL3VzZXJmdWwgc291cmNlcy9wMjAwLWh1YW5nLnBkZtIXCxgZV05TLmRhdGFPEQHYAAAAAAHYAAIAABNBcm9vbidzIE1hY0Jvb2sgUHJvAAAAAAAAAADMcafiSCsAAACcvmYOcDIwMC1odWFuZy5wZGYAAAAAAAAAAAAAAAAAAAAAAAAAAAAAAAAAAAAAAAAAAAAAAAAAAAAAAAAAAAAAAAAAAQ0U/M9y0vwAAAAAAAAAAAABAAIAAAkgAAAAAAAAAAAAAAAAAAAAD3VzZXJmdWwgc291cmNlcwAAEAAIAADMceAiAAAAEQAIAADPcws8AAAAAQAUAJy+ZgCcvf4ADx5yAA0yewANMngAAgBYQXJvb24ncyBNYWNCb29rIFBybzpVc2VyczoAYXJvb25zaGFybWE6AERlc2t0b3A6AENIQVBFTDoAdXNlcmZ1bCBzb3VyY2VzOgBwMjAwLWh1YW5nLnBkZgAOAB4ADgBwADIAMAAwAC0AaAB1AGEAbgBnAC4AcABkAGYADwAoABMAQQByAG8AbwBuACcAcwAgAE0AYQBjAEIAbwBvAGsAIABQAHIAbwASAD9Vc2Vycy9hcm9vbnNoYXJtYS9EZXNrdG9wL0NIQVBFTC91c2VyZnVsIHNvdXJjZXMvcDIwMC1odWFuZy5wZGYAABMAAS8AABUAAgAS//8AAIAG0hscHR5aJGNsYXNzbmFtZVgkY2xhc3Nlc11OU011dGFibGVEYXRhox0fIFZOU0RhdGFYTlNPYmplY3TSGxwiI1xOU0RpY3Rpb25hcnmiIiBfEA9OU0tleWVkQXJjaGl2ZXLRJidUcm9vdIABAAgAEQAaACMALQAyADcAQABGAE0AVQBgAGcAagBsAG4AcQBzAHUAdwCEAI4AsgC3AL8CmwKdAqICrQK2AsQCyALPAtgC3QLqAu0C/wMCAwcAAAAAAAACAQAAAAAAAAAoAAAAAAAAAAAAAAAAAAADCQ==}}

@article{gupta1996compiling,
	Author = {Gupta, Sandeep K. S. and Kaushik, SD and Huang, C-H and Sadayappan, P},
	Date-Added = {2014-04-15 16:10:18 +0000},
	Date-Modified = {2014-04-15 16:10:18 +0000},
	Journal = {Journal of Parallel and Distributed Computing},
	Number = {2},
	Pages = {155--172},
	Publisher = {Elsevier},
	Title = {Compiling array expressions for efficient execution on distributed-memory machines},
	Volume = {32},
	Year = {1996}}

@techreport{Gupta91automaticdata,
	Author = {Manish Gupta and Prithviraj Banerjee},
	Date-Added = {2014-04-15 16:07:20 +0000},
	Date-Modified = {2014-04-15 16:07:20 +0000},
	Title = {Automatic Data Partitioning on Distributed Memory Multiprocessors},
	Year = {1991},
	Bdsk-File-1 = {YnBsaXN0MDDUAQIDBAUGJCVYJHZlcnNpb25YJG9iamVjdHNZJGFyY2hpdmVyVCR0b3ASAAGGoKgHCBMUFRYaIVUkbnVsbNMJCgsMDxJXTlMua2V5c1pOUy5vYmplY3RzViRjbGFzc6INDoACgAOiEBGABIAFgAdccmVsYXRpdmVQYXRoWWFsaWFzRGF0YV8QMi4uL3VzZXJmdWwgc291cmNlcy9BdXRvbWF0aWMgRGF0YSBQYXJ0aXRpb25pbmcucGRm0hcLGBlXTlMuZGF0YU8RAhwAAAAAAhwAAgAAE0Fyb29uJ3MgTWFjQm9vayBQcm8AAAAAAAAAAMxxp+JIKwAAAJy+Zh9BdXRvbWF0aWMgRGF0YSBQYXJ0aXRpb25pbmcucGRmAAAAAAAAAAAAAAAAAAAAAAAAAAAAAAAAAAAAAAAAAAABDRQIz3LROgAAAAAAAAAAAAEAAgAACSAAAAAAAAAAAAAAAAAAAAAPdXNlcmZ1bCBzb3VyY2VzAAAQAAgAAMxx4CIAAAARAAgAAM9zCXoAAAABABQAnL5mAJy9/gAPHnIADTJ7AA0yeAACAGlBcm9vbidzIE1hY0Jvb2sgUHJvOlVzZXJzOgBhcm9vbnNoYXJtYToARGVza3RvcDoAQ0hBUEVMOgB1c2VyZnVsIHNvdXJjZXM6AEF1dG9tYXRpYyBEYXRhIFBhcnRpdGlvbmluZy5wZGYAAA4AQAAfAEEAdQB0AG8AbQBhAHQAaQBjACAARABhAHQAYQAgAFAAYQByAHQAaQB0AGkAbwBuAGkAbgBnAC4AcABkAGYADwAoABMAQQByAG8AbwBuACcAcwAgAE0AYQBjAEIAbwBvAGsAIABQAHIAbwASAFBVc2Vycy9hcm9vbnNoYXJtYS9EZXNrdG9wL0NIQVBFTC91c2VyZnVsIHNvdXJjZXMvQXV0b21hdGljIERhdGEgUGFydGl0aW9uaW5nLnBkZgATAAEvAAAVAAIAEv//AACABtIbHB0eWiRjbGFzc25hbWVYJGNsYXNzZXNdTlNNdXRhYmxlRGF0YaMdHyBWTlNEYXRhWE5TT2JqZWN00hscIiNcTlNEaWN0aW9uYXJ5oiIgXxAPTlNLZXllZEFyY2hpdmVy0SYnVHJvb3SAAQAIABEAGgAjAC0AMgA3AEAARgBNAFUAYABnAGoAbABuAHEAcwB1AHcAhACOAMMAyADQAvAC8gL3AwIDCwMZAx0DJAMtAzIDPwNCA1QDVwNcAAAAAAAAAgEAAAAAAAAAKAAAAAAAAAAAAAAAAAAAA14=}}

@incollection{germain1995automatic,
	Author = {Germain, C{\'e}cile and Delaplace, Franck},
	Booktitle = {EURO-PAR'95 Parallel Processing},
	Date-Added = {2014-04-15 16:03:36 +0000},
	Date-Modified = {2014-04-15 16:03:36 +0000},
	Pages = {429--440},
	Publisher = {Springer},
	Title = {Automatic vectorization of communications for data-parallel programs},
	Year = {1995},
	Bdsk-File-1 = {YnBsaXN0MDDUAQIDBAUGJCVYJHZlcnNpb25YJG9iamVjdHNZJGFyY2hpdmVyVCR0b3ASAAGGoKgHCBMUFRYaIVUkbnVsbNMJCgsMDxJXTlMua2V5c1pOUy5vYmplY3RzViRjbGFzc6INDoACgAOiEBGABIAFgAdccmVsYXRpdmVQYXRoWWFsaWFzRGF0YV8QLi4uL3VzZXJmdWwgc291cmNlcy9BdXRvbWF0aWMgdmVjdG9yaXphdGlvbi5wZGbSFwsYGVdOUy5kYXRhTxECDAAAAAACDAACAAATQXJvb24ncyBNYWNCb29rIFBybwAAAAAAAAAAzHGn4kgrAAAAnL5mG0F1dG9tYXRpYyB2ZWN0b3JpemF0aW9uLnBkZgAAAAAAAAAAAAAAAAAAAAAAAAAAAAAAAAAAAAAAAAAAAAAAAAENE2DPcs/4AAAAAAAAAAAAAQACAAAJIAAAAAAAAAAAAAAAAAAAAA91c2VyZnVsIHNvdXJjZXMAABAACAAAzHHgIgAAABEACAAAz3MIOAAAAAEAFACcvmYAnL3+AA8ecgANMnsADTJ4AAIAZUFyb29uJ3MgTWFjQm9vayBQcm86VXNlcnM6AGFyb29uc2hhcm1hOgBEZXNrdG9wOgBDSEFQRUw6AHVzZXJmdWwgc291cmNlczoAQXV0b21hdGljIHZlY3Rvcml6YXRpb24ucGRmAAAOADgAGwBBAHUAdABvAG0AYQB0AGkAYwAgAHYAZQBjAHQAbwByAGkAegBhAHQAaQBvAG4ALgBwAGQAZgAPACgAEwBBAHIAbwBvAG4AJwBzACAATQBhAGMAQgBvAG8AawAgAFAAcgBvABIATFVzZXJzL2Fyb29uc2hhcm1hL0Rlc2t0b3AvQ0hBUEVML3VzZXJmdWwgc291cmNlcy9BdXRvbWF0aWMgdmVjdG9yaXphdGlvbi5wZGYAEwABLwAAFQACABL//wAAgAbSGxwdHlokY2xhc3NuYW1lWCRjbGFzc2VzXU5TTXV0YWJsZURhdGGjHR8gVk5TRGF0YVhOU09iamVjdNIbHCIjXE5TRGljdGlvbmFyeaIiIF8QD05TS2V5ZWRBcmNoaXZlctEmJ1Ryb290gAEACAARABoAIwAtADIANwBAAEYATQBVAGAAZwBqAGwAbgBxAHMAdQB3AIQAjgC/AMQAzALcAt4C4wLuAvcDBQMJAxADGQMeAysDLgNAA0MDSAAAAAAAAAIBAAAAAAAAACgAAAAAAAAAAAAAAAAAAANK}}

@article{Dion96compilingaffine,
	Author = {Mich{\`e}le Dion and Cyril Randriamaro and Yves Robert},
	Date-Added = {2014-04-15 15:59:05 +0000},
	Date-Modified = {2014-04-15 15:59:05 +0000},
	Journal = {JOURNAL OF PARALLEL AND DISTRIBUTED COMPUTING (JPDC},
	Pages = {176--187},
	Title = {Compiling Affine Nested Loops: How to Optimize the Residual Communications After the Alignment Phase?},
	Volume = {38},
	Year = {1996},
	Bdsk-File-1 = {YnBsaXN0MDDUAQIDBAUGJCVYJHZlcnNpb25YJG9iamVjdHNZJGFyY2hpdmVyVCR0b3ASAAGGoKgHCBMUFRYaIVUkbnVsbNMJCgsMDxJXTlMua2V5c1pOUy5vYmplY3RzViRjbGFzc6INDoACgAOiEBGABIAFgAdccmVsYXRpdmVQYXRoWWFsaWFzRGF0YV8QLS4uL3VzZXJmdWwgc291cmNlcy9Db21waWxpbmcgYWZmaW5lIGxvb3BzLnBkZtIXCxgZV05TLmRhdGFPEQIIAAAAAAIIAAIAABNBcm9vbidzIE1hY0Jvb2sgUHJvAAAAAAAAAADMcafiSCsAAACcvmYaQ29tcGlsaW5nIGFmZmluZSBsb29wcy5wZGYAAAAAAAAAAAAAAAAAAAAAAAAAAAAAAAAAAAAAAAAAAAAAAAAAAQ0TBc9yzyMAAAAAAAAAAAABAAIAAAkgAAAAAAAAAAAAAAAAAAAAD3VzZXJmdWwgc291cmNlcwAAEAAIAADMceAiAAAAEQAIAADPcwdjAAAAAQAUAJy+ZgCcvf4ADx5yAA0yewANMngAAgBkQXJvb24ncyBNYWNCb29rIFBybzpVc2VyczoAYXJvb25zaGFybWE6AERlc2t0b3A6AENIQVBFTDoAdXNlcmZ1bCBzb3VyY2VzOgBDb21waWxpbmcgYWZmaW5lIGxvb3BzLnBkZgAOADYAGgBDAG8AbQBwAGkAbABpAG4AZwAgAGEAZgBmAGkAbgBlACAAbABvAG8AcABzAC4AcABkAGYADwAoABMAQQByAG8AbwBuACcAcwAgAE0AYQBjAEIAbwBvAGsAIABQAHIAbwASAEtVc2Vycy9hcm9vbnNoYXJtYS9EZXNrdG9wL0NIQVBFTC91c2VyZnVsIHNvdXJjZXMvQ29tcGlsaW5nIGFmZmluZSBsb29wcy5wZGYAABMAAS8AABUAAgAS//8AAIAG0hscHR5aJGNsYXNzbmFtZVgkY2xhc3Nlc11OU011dGFibGVEYXRhox0fIFZOU0RhdGFYTlNPYmplY3TSGxwiI1xOU0RpY3Rpb25hcnmiIiBfEA9OU0tleWVkQXJjaGl2ZXLRJidUcm9vdIABAAgAEQAaACMALQAyADcAQABGAE0AVQBgAGcAagBsAG4AcQBzAHUAdwCEAI4AvgDDAMsC1wLZAt4C6QLyAwADBAMLAxQDGQMmAykDOwM+A0MAAAAAAAACAQAAAAAAAAAoAAAAAAAAAAAAAAAAAAADRQ==}}

@inproceedings{davidson1995improving,
	Author = {Davidson, Jack W and Jinturkar, Sanjay},
	Booktitle = {Proceedings of the 28th annual international symposium on Microarchitecture},
	Date-Added = {2014-04-15 02:39:38 +0000},
	Date-Modified = {2014-04-15 02:39:38 +0000},
	Organization = {IEEE Computer Society Press},
	Pages = {125--132},
	Title = {Improving instruction-level parallelism by loop unrolling and dynamic memory disambiguation},
	Year = {1995}}

@inproceedings{chavarria2005effective,
	Author = {Chavarr{\'\i}a-Miranda, Daniel and Mellor-Crummey, John},
	Booktitle = {Proceedings of the tenth ACM SIGPLAN symposium on Principles and practice of parallel programming},
	Date-Added = {2014-04-15 02:35:26 +0000},
	Date-Modified = {2014-04-15 02:35:26 +0000},
	Organization = {ACM},
	Pages = {14--25},
	Title = {Effective communication coalescing for data-parallel applications},
	Year = {2005}}

@incollection{chamberlain1997factor,
	Author = {Chamberlain, Bradford L and Choi, Sung-Eun and Lewis, E Christopher and Lin, Calvin and Snyder, Lawrence and Weathersby, W Derrick},
	Booktitle = {Languages and Compilers for Parallel Computing},
	Date-Added = {2014-04-15 02:31:32 +0000},
	Date-Modified = {2014-04-15 02:31:32 +0000},
	Pages = {481--500},
	Publisher = {Springer},
	Title = {Factor-join: A unique approach to compiling array languages for parallel machines},
	Year = {1997}}

@inproceedings{chamberlain1998zpl,
	Author = {Chamberlain, Bradford L and Lin, C and Choi, Sung-Eun and Snyder, L and Lewis, C and Weathersby, W Derrick},
	Booktitle = {High-Level Parallel Programming Models and Supportive Environments, 1998. Proceedings. Third International Workshop on},
	Date-Added = {2014-04-15 02:06:05 +0000},
	Date-Modified = {2014-04-15 02:06:05 +0000},
	Organization = {IEEE},
	Pages = {50--61},
	Title = {ZPL's WYSIWYG performance model},
	Year = {1998}}

@article{callahan1988compiling,
	Abstract = {We describe a new approach to programming distributed-memory computers. Rather than having each node in the system explicitly programmed, we derive an efficient message-passing program from a sequential shared-memory program annotated with directions on how elements of shared arrays are distributed to processors. This article describes one possible input language for describing distributions and then details the compilation process and the optimization necessary to generate an efficient program.},
	Added-At = {2013-02-26T14:07:34.000+0100},
	Author = {Callahan, David and Kennedy, Ken},
	Biburl = {http://www.bibsonomy.org/bibtex/28338f4048a7626428e00e4c6b444b8d4/gron},
	Date-Added = {2014-04-15 01:57:53 +0000},
	Date-Modified = {2014-04-15 01:57:53 +0000},
	Description = {Compiling programs for distributed-memory multiprocessors - Springer},
	Doi = {10.1007/BF00128175},
	Interhash = {9375b3055a6f78e717f23401fef2500c},
	Intrahash = {8338f4048a7626428e00e4c6b444b8d4},
	Issn = {0920-8542},
	Journal = {The Journal of Supercomputing},
	Keywords = {Fortran FortranD HPF},
	Language = {English},
	Number = 2,
	Pages = {151-169},
	Publisher = {Kluwer Academic Publishers},
	Timestamp = {2013-02-26T14:07:34.000+0100},
	Title = {Compiling Programs for Distributed--Memory Multiprocessors},
	Volume = 2,
	Year = 1988,
	Bdsk-Url-1 = {http://dx.doi.org/10.1007/BF00128175}}

@inproceedings{barua1999maps,
	Author = {Barua, Rajeev and Lee, Walter and Amarasinghe, Saman and Agarwal, Anant},
	Booktitle = {ACM SIGARCH Computer Architecture News},
	Date-Added = {2014-04-15 01:45:39 +0000},
	Date-Modified = {2014-04-15 01:45:39 +0000},
	Number = {2},
	Organization = {IEEE Computer Society},
	Pages = {4--15},
	Title = {Maps: a compiler-managed memory system for raw machines},
	Volume = {27},
	Year = {1999},
	Bdsk-File-1 = {YnBsaXN0MDDUAQIDBAUGJCVYJHZlcnNpb25YJG9iamVjdHNZJGFyY2hpdmVyVCR0b3ASAAGGoKgHCBMUFRYaIVUkbnVsbNMJCgsMDxJXTlMua2V5c1pOUy5vYmplY3RzViRjbGFzc6INDoACgAOiEBGABIAFgAdccmVsYXRpdmVQYXRoWWFsaWFzRGF0YV8QHC4uL3VzZXJmdWwgc291cmNlcy9iYXJ1YS5wZGbSFwsYGVdOUy5kYXRhTxEBxAAAAAABxAACAAATQXJvb24ncyBNYWNCb29rIFBybwAAAAAAAAAAzHGn4kgrAAAAnL5mCWJhcnVhLnBkZgAAAAAAAAAAAAAAAAAAAAAAAAAAAAAAAAAAAAAAAAAAAAAAAAAAAAAAAAAAAAAAAAAAAAAAAAEM7+XPcgGSAAAAAAAAAAAAAQACAAAJIAAAAAAAAAAAAAAAAAAAAA91c2VyZnVsIHNvdXJjZXMAABAACAAAzHHgIgAAABEACAAAz3I50gAAAAEAFACcvmYAnL3+AA8ecgANMnsADTJ4AAIAU0Fyb29uJ3MgTWFjQm9vayBQcm86VXNlcnM6AGFyb29uc2hhcm1hOgBEZXNrdG9wOgBDSEFQRUw6AHVzZXJmdWwgc291cmNlczoAYmFydWEucGRmAAAOABQACQBiAGEAcgB1AGEALgBwAGQAZgAPACgAEwBBAHIAbwBvAG4AJwBzACAATQBhAGMAQgBvAG8AawAgAFAAcgBvABIAOlVzZXJzL2Fyb29uc2hhcm1hL0Rlc2t0b3AvQ0hBUEVML3VzZXJmdWwgc291cmNlcy9iYXJ1YS5wZGYAEwABLwAAFQACABL//wAAgAbSGxwdHlokY2xhc3NuYW1lWCRjbGFzc2VzXU5TTXV0YWJsZURhdGGjHR8gVk5TRGF0YVhOU09iamVjdNIbHCIjXE5TRGljdGlvbmFyeaIiIF8QD05TS2V5ZWRBcmNoaXZlctEmJ1Ryb290gAEACAARABoAIwAtADIANwBAAEYATQBVAGAAZwBqAGwAbgBxAHMAdQB3AIQAjgCtALIAugKCAoQCiQKUAp0CqwKvArYCvwLEAtEC1ALmAukC7gAAAAAAAAIBAAAAAAAAACgAAAAAAAAAAAAAAAAAAALw}}
